2209 3643
240 200 311 234 186
938 193 1013 227 No.
1038 203 1235 238 144-145
1604 186 1680 241 [28.
1701 191 1817 226 Febr.
1841 199 1939 236 1529

239 327 470 371 consulere
504 325 701 367 deberet.
740 321 929 364 Interim
964 335 1073 363 vero
1107 321 1322 363 Maiestas
1352 320 1444 363 Sua
1478 319 1718 362 mandaret
1752 319 1938 362 domino

240 395 569 452 campiductori
588 393 799 449 generali,
820 396 872 434 ut
893 396 1077 434 centum
1097 395 1178 433 aut
1199 391 1420 433 ducentos
1440 390 1606 432 milites
1625 390 1937 439 mercenarios,

241 469 319 524 qui
340 467 399 509 ad
419 465 643 522 praesidia
664 467 888 505 terrarum
911 462 1102 504 Russiae
1123 462 1450 510 conducentur,
1473 461 1519 502 in
1541 460 1730 503 Podolia
1750 460 1938 502 colloca-

239 544 309 581 ret
350 537 408 579 ad
448 534 668 577 eiusmodi
708 532 1015 575 clandestinas
1055 537 1136 574 aut
1176 532 1316 574 etiam
1357 531 1624 573 manifestas
1663 530 1940 573 incursiones

239 611 280 652 V
283 608 544 651 alachorum
567 604 786 647 arcendas
806 617 815 654 ;
840 607 925 646 etc.
1979 617 1996 642 5

682 698 799 744 (Acta
825 698 1058 732 Tomiciana
1087 697 1164 732 vol.
1197 697 1271 732 XI.
1302 707 1392 743 pag.
1423 697 1500 742 52.)

1047 836 1147 879 144.

763 947 908 996 Bnda,
931 947 1000 989 28.
1026 945 1258 988 Februarii
1279 957 1405 1000 1529.

240 1042 424 1080 Thomas
452 1037 670 1078 Szalahazi
702 1037 925 1090 episcopus
955 1036 1169 1088 Agriensis
1200 1035 1470 1075 Ferdinando
1502 1035 1534 1074 Ι.
1568 1034 1654 1086 regi
1686 1033 1940 1086 Hungariae.

386 1140 452 1180 De
488 1137 718 1180 invasione
754 1141 791 1178 et
815 1136 950 1178 huius
974 1135 1158 1191 sequelis
1182 1149 1208 1177 a
1232 1134 1414 1177 vaivoda
1437 1134 1493 1176 M
1496 1134 1689 1176 oldaviae
1711 1132 1942 1189 perpessis.
1958 1147 1995 1174 10

388 1244 562 1287 Certius
582 1243 694 1284 nihil
715 1255 810 1284 esse
832 1242 1015 1291 dicitur,
1039 1255 1178 1297 quam
1200 1241 1491 1283 interfectum
1513 1238 1759 1281 vaivodam
1793 1238 1946 1281 Radul

245 1316 484 1359 Moldavus
506 1319 662 1357 autem
684 1314 753 1355 his
775 1313 934 1355 diebus
956 1312 1261 1368 superioribus
1284 1311 1421 1362 misit,
1438 1311 1516 1366 qui
1528 1310 1699 1353 Siculos
1720 1309 1946 1352 hostiliter

244 1387 526 1430 invaderent.
586 1385 719 1440 Capti
753 1389 860 1426 sunt
904 1384 989 1426 viri
1033 1383 1220 1439 quidam
1264 1382 1508 1438 praecipui,
1554 1381 1678 1423 facta
1720 1380 1942 1430 incendia,

244 1457 454 1514 quamvis
488 1461 624 1512 negat
671 1469 718 1497 se
763 1454 1003 1497 Moldavus
1049 1454 1218 1496 infideli
1264 1467 1369 1509 erga
1414 1452 1518 1495 Mtem
1564 1453 1666 1494 Vram
1712 1451 1865 1493 animo
1898 1451 1945 1493 id

245 1528 537 1585 perpetrandi
558 1540 750 1576 curasse,
773 1530 1014 1582 propterea
1035 1525 1158 1581 quod
1176 1525 1313 1568 Siculi
1334 1537 1515 1580 quoque
1536 1523 1621 1579 ipsi
1642 1536 1755 1579 quos
1776 1522 1944 1578 caepis·
1958 1536 1996 1563 15

246 1605 328 1650 set,
361 1613 554 1655 quorum
586 1598 745 1640 domos
771 1597 1057 1646 incendisset,
1090 1597 1228 1652 paulo
1258 1600 1366 1638 ante
1397 1595 1442 1636 in
1472 1595 1593 1637 bona
1622 1608 1705 1636 sua
1735 1593 1944 1635 fecissent

247 1672 469 1726 impetum
490 1684 541 1712 ac
561 1682 631 1711 res
650 1682 755 1711 suas
776 1668 1066 1723 diripuissent
1089 1682 1097 1718 ;
1126 1672 1361 1722 utcunque
1387 1666 1460 1715 sit,
1489 1665 1640 1707 evenit
1668 1664 1715 1706 id
1741 1668 1946 1719 tempore

247 1741 531 1791 alienissimo,
564 1754 668 1782 cum
697 1744 885 1796 propter
913 1739 1123 1794 plurima,
1155 1743 1256 1780 tum
1287 1737 1410 1792 quod
1437 1736 1608 1778 Siculos
1638 1735 1710 1778 vel
1740 1735 1798 1777 ob
1828 1735 1946 1777 hanc

248 1826 430 1855 causam
453 1811 681 1854 difficilius
702 1811 787 1852 erit
810 1810 856 1852 in
878 1810 967 1852 fide
989 1810 1194 1859 retinere,
1217 1813 1399 1864 gentem
1422 1807 1621 1862 alioquin
1662 1805 1944 1855 mutabilem,

247 1888 292 1925 et
333 1883 469 1938 vulgo
499 1882 704 1924 homines
743 1881 829 1923 sibi
868 1880 1208 1936 persuadebunt
1250 1879 1515 1921 Moldavum
1555 1877 1732 1920 fidelem
1766 1870 1833 1918 Mti
1853 1877 1944 1918 Vrae
1960 1891 1998 1917 20

249 1968 339 1996 non
364 1967 472 1996 esse.

394 2024 566 2074 Budae,
595 2024 758 2066 ultima
785 2022 1018 2065 Februarii
1047 2033 1171 2077 1529.

541 2119 878 2164 (Autographum.
912 2117 1203 2157 Staatsarchiv,
1237 2117 1364 2150 VVien.
1398 2114 1658 2160 Hungarica.)

1051 2256 1150 2298 145.

728 2367 1018 2423 Nagyszeben,
1048 2377 1116 2419 25.
1145 2365 1202 2407 M
1205 2364 1308 2408 artii
1335 2376 1462 2419 1529.
1960 2386 1999 2413 25

473 2460 640 2498 Marcus
674 2458 943 2508 Pemffiinger
976 2456 1246 2495 Ferdinando
1280 2456 1312 2495 I.
1348 2455 1433 2506 regi
1467 2454 1722 2506 Hungariae.

396 2558 461 2598 De
491 2558 691 2599 electione
719 2557 821 2598 novi
850 2555 1056 2598 vaivodae
1083 2554 1334 2597 Valachz’ae.
1368 2555 1433 2595 De
1462 2553 1654 2606 fallaciis
1687 2552 1945 2593 ancarum.

257 2628 490 2669 Boierones
518 2629 558 2669 F
560 2628 801 2669 erdinando
824 2627 953 2678 fidem
976 2626 1138 2667 iurant.

400 2733 550 2775 Radul
575 2733 796 2782 waivoda,
820 2733 888 2774 uti
921 2727 988 2774 Mti
1019 2733 1112 2774 Vrae
1133 2735 1328 2779 constat,
1352 2744 1379 2771 a
1399 2728 1685 2771 boieronibus
1706 2725 1945 2775 nonnullis,

256 2805 519 2857 praesertim
554 2804 752 2845 Mehmet
786 2804 874 2845 bek
908 2808 1091 2845 auctore
1125 2807 1170 2844 et
1203 2813 1479 2856 persuasore,
1502 2812 1605 2841 cum
1638 2802 1683 2839 et
1717 2797 1811 2852 ipse
1843 2796 1947 2838 wai-
1961 2809 1999 2836 so

258 2873 478 2915 vodatum
494 2874 585 2915 filio
598 2888 680 2915 suo
694 2874 901 2923 ambiret,
918 2878 1103 2928 propter
1117 2872 1241 2927 quod
1254 2872 1300 2912 in
1315 2870 1562 2911 maximam
1572 2867 1770 2910 Caesaris
1778 2867 1943 2908 Turca-

258 2957 357 2984 rum
372 2944 728 2998 indignationem
744 2944 925 2986 devenit
947 2957 956 2994 ;
981 2944 1120 2986 etiam
1146 2947 1191 2984 et
1214 2946 1344 2983 extra
1364 2939 1563 2981 officium
1584 2952 1716 2979 suum
1739 2937 1948 2979 bassatus

260 3018 343 3062 est,
372 3014 494 3055 domi
521 3015 566 3055 in
594 3015 770 3055 Plewen
797 3028 843 3055 se
870 3014 1086 3062 continet,
1115 3011 1379 3054 interfectus
1405 3023 1485 3064 per
1511 3008 1739 3063 quendam
1766 3008 1947 3050 bassam

260 3082 374 3123 alter
393 3084 646 3125 waivodam
661 3085 778 3125 filius
793 3084 1038 3133 Wladislai‚
1056 3083 1133 3138 qui
1154 3082 1264 3124 alias
1278 3094 1324 3122 se
1338 3080 1383 3122 vi
1398 3080 1443 3121 in
1457 3078 1711 3121 waivodam
1726 3078 1946 3133 suppetiis

261 3152 507 3194 Turcarum
522 3154 774 3203 suffecerat,
791 3153 978 3195 tandem
992 3167 1072 3208 per
1084 3157 1263 3194 nostros
1277 3150 1503 3206 expulsus,
1515 3149 1666 3191 Radul
1673 3153 1946 3191 successerat
1961 3161 1999 3188 35
