2209 3643
187 213 217 238 1.
239 202 343 237 Nov.
370 196 480 250 1535]
874 200 948 234 No.
973 209 1183 241 209—210
1803 208 1874 242 253

183 331 294 374 nihil
318 331 437 374 enim
461 330 547 373 nisi
571 330 700 373 triste
726 343 777 371 ac
798 329 917 372 mille
940 329 1146 385 periculis
1177 329 1425 371 obnoxium
1456 328 1659 384 quotidie
1690 327 1877 370 obvium

183 402 429 453 habemus;
469 406 553 445 etc.

330 473 503 516 Datum
547 472 707 515 Cibinii
753 471 798 513 in
842 472 958 513 festo
1001 471 1285 514 Ascensionis
1329 471 1526 513 Domini.
1571 471 1704 512 Anno
1750 481 1874 523 1535.

330 567 555 613 (Originale.
571 566 858 606 Staatsarchiv‚
877 566 1002 600 Wien.
1020 566 1263 611 Hungarica.
1281 566 1445 601 Edidit:
1475 565 1624 600 Archiv
1652 565 1720 599 des
1745 564 1877 599 Verei-

152 629 253 662 5nes
281 628 345 663 fiir
371 626 717 671 siebenbsirgische
746 625 1041 660 Landeskunde
1075 625 1153 659 vol.
1180 636 1240 668 29.
1266 636 1354 671 pag.
1381 625 1483 670 558.)

988 777 1087 819 210.

726 886 845 940 Jasi,
870 898 910 928 Ι.
935 886 1192 928 Novembris
1215 898 1343 940 1535.

254 980 403 1019 Petrus
436 979 566 1032 Rares
597 978 782 1016 vaivoda
814 977 1051 1017 Moldaviae
1084 978 1350 1017 Ferdinando
1385 979 1417 1017 I.
1451 978 1535 1030 regi
1568 978 1822 1030 Hungariae.

330 1078 626 1121 Interventzmz
661 1078 754 1119 eius
789 1078 910 1133 apud
944 1091 1077 1132 regem
1109 1078 1320 1119 Poloniae
1357 1078 1569 1133 impetrat,
1606 1078 1681 1132 qui
1715 1082 1882 1133 partem

135 1162 171 1188 10
185 1150 407 1206 quandam
434 1150 490 1191 M
493 1149 687 1191 oldavz'ae
715 1149 950 1204 occupavit.

330 1256 454 1298 Serme
493 1256 702 1311 princeps
747 1259 791 1297 et
826 1256 1021 1304 domine,
1058 1255 1238 1297 domine
1271 1255 1403 1297 nobis
1435 1254 1757 1310 gratiosissime
1790 1260 1875 1297 etc.

333 1328 442 1369 Post
470 1341 650 1369 omnem
678 1331 881 1368 nostram
904 1326 1188 1368 fidelitatem.
1212 1327 1374 1368 Petrus
1399 1326 1484 1368 Dei
1505 1325 1652 1381 gratia
1666 1326 1878 1376 vaivoda,

186 1398 397 1440 dominus
429 1412 481 1440 ac
514 1399 671 1440 haeres
703 1402 949 1453 perpetuus
982 1402 1128 1439 terrae
1161 1396 1481 1439 Moldaviensis
1514 1401 1598 1438 etc.

327 1469 502 1511 Scimus
529 1469 691 1511 Sacrae
715 1462 782 1510 Mti
809 1468 975 1523 Regiae
1000 1482 1090 1510 non
1121 1481 1215 1510 esse
1239 1468 1461 1523 ignotum,
1488 1481 1604 1522 quae
1639 1471 1707 1509 est
1745 1481 1882 1509 causa

131 1551 169 1578 15
185 1553 268 1582 nos
295 1540 461 1582 habere
490 1540 684 1581 invicem
713 1539 939 1581 hostiliter
975 1553 1079 1581 cum
1106 1539 1231 1580 Sermo
1261 1552 1361 1593 rege
1397 1538 1521 1593 regni
1551 1538 1764 1580 Poloniae
1793 1543 1877 1581 etc.

186 1611 286 1653 Hoc
300 1625 488 1666 regnum
502 1615 709 1652 nostrum
734 1610 1042 1652 Moldaviense
1057 1614 1101 1651 et
1116 1609 1394 1652 territorium
1408 1609 1591 1651 nomine
1605 1609 1773 1652 Pokuci
1779 1623 1883 1651 ense

186 1696 213 1723 a
241 1681 378 1724 Sacra
409 1695 575 1723 corona
606 1681 821 1736 Angelica
864 1685 909 1723 et
942 1695 969 1722 a
999 1681 1117 1722 divis
1148 1680 1380 1735 quondam
1412 1679 1590 1735 regibus
1622 1680 1884 1735 Hungariae

186 1752 604 1808 praedecessoribus
649 1751 936 1794 dominorum
982 1751 1360 1793 Moldaviensium
1405 1751 1516 1792 haec
1562 1755 1682 1792 terra
1726 1755 1885 1793 nostra

186 1823 485 1866 Moldaviensi
534 1823 668 1865 simul
711 1836 804 1864 una
842 1836 945 1864 cum
984 1822 1193 1878 praefata
1244 1826 1365 1864 terra
1403 1821 1672 1864 Pokuciensi
1711 1822 1884 1864 donata

133 1907 170 1933 20
186 1899 269 1944 est,
300 1894 382 1936 tali
411 1895 496 1936 sub
525 1893 799 1943 conditione,
821 1898 872 1935 ut
902 1907 984 1935 nos
1013 1893 1211 1949 primum
1237 1893 1400 1935 Sacrae
1429 1906 1619 1935 coronae
1642 1893 1882 1948 Angelicae

187 1966 310 2007 omni
343 1965 557 2007 fidelitati
591 1978 685 2006 esse
719 1964 979 2014 debeamus,
1006 1977 1172 2006 corona
1205 1968 1360 2006 autem
1391 1963 1527 2005 Sacra
1554 1963 1769 2018 Angelica
1800 1978 1883 2006 nos

187 2036 271 2078 sub
308 2036 431 2078 omni
467 2036 614 2078 tutela
649 2036 832 2077 habeat.
871 2036 955 2077 Est
991 2049 1109 2077 unus
1145 2034 1314 2076 fluvius
1349 2035 1531 2076 nomine
1568 2035 1730 2076 Nester
1766 2035 1884 2077 inter

186 2120 324 2162 regna
343 2101 459 2149 Sermi
482 2106 598 2161 regis
633 2106 846 2148 Poloniae
868 2110 913 2148 et
937 2110 1105 2148 terram
1139 2110 1360 2155 nostram,
1384 2105 1462 2161 qui
1485 2109 1552 2147 est
1576 2105 1693 2147 inter
1715 2110 1884 2147 terram

186 2182 391 2220 nostram
423 2182 468 2220 et
501 2191 639 2233 regna
670 2177 784 2232 regis
818 2177 1031 2218 Poloniae
1063 2180 1187 2218 certa
1219 2180 1343 2218 meta
1374 2175 1686 2231 separabiliter
1717 2176 1880 2231 posita.

133 2249 324 2291 25Ser¹¹¹¹¹⁵
353 2253 507 2291 autem
535 2262 614 2291 rex
654 2248 866 2290 Poloniae
905 2247 1189 2302 praedictum
1229 2247 1422 2289 fluvium
1462 2247 1625 2288 Nester
1651 2252 1883 2296 vocatum,

188 2333 305 2375 quae
333 2324 401 2362 est
430 2323 554 2362 certa
582 2323 706 2361 meta
734 2318 949 2361 territorii
977 2317 1135 2367 nostri,
1166 2317 1446 2360 transcendit
1475 2317 1561 2359 sibi
1589 2317 1738 2360 minus
1766 2317 1885 2359 iuste

189 2404 429 2445 occupans,
449 2390 541 2432 suis
563 2390 758 2432 subditis
778 2389 1077 2431 habitabilem
1105 2388 1225 2430 fecit.
1257 2389 1345 2430 Pro
1371 2401 1423 2430 eo
1449 2402 1532 2430 nos
1558 2388 1683 2430 nulla
1708 2388 1885 2430 ratione

188 2461 431 2511 voluimus,
467 2475 550 2503 nec
585 2461 810 2510 volumus,
848 2465 899 2502 ut
936 2460 1011 2501 illa
1046 2464 1168 2501 terra
1208 2458 1444 2514 praedicta
1478 2458 1557 2500 vix
1593 2459 1884 2501 Pokuciensis

190 2536 401 2587 separata
428 2532 487 2574 sit
515 2546 542 2574 a
566 2531 704 2574 Sacra
724 2545 889 2573 corona
908 2530 1135 2585 Angelica.
1163 2529 1433 2585 Saepissime
1460 2534 1685 2584 rogantes,
1714 2530 1883 2585 suppli-

135 2615 172 2641 30
191 2606 346 2644 cantes
383 2607 429 2644 et
473 2603 769 2645 admonentes
816 2601 969 2644 Ser¹num
1008 2614 1156 2655 regem
1209 2600 1422 2642 Poloniae
1471 2600 1777 2650 adiunximus,
1828 2614 1886 2642 ne

191 2673 315 2715 illam
345 2677 513 2715 terram
544 2673 629 2715 sibi
661 2686 900 2728 occupanS,
933 2672 1166 2727 possidens
1196 2675 1385 2720 teneret,
1418 2670 1497 2712 sed
1526 2670 1674 2725 gratia
1703 2675 1886 2712 nostrae

190 2744 337 2786 bonae
357 2744 607 2786 vicinitatis
628 2749 796 2786 terram
811 2743 933 2784 illam
949 2746 1232 2798 spectantem
1247 2755 1437 2783 coronae
1450 2741 1690 2796 Angelicae
1705 2755 1886 2783 cernen-

191 2818 286 2856 tem
316 2815 488 2869 absque
517 2815 640 2857 omni
670 2814 945 2856 dissensione
986 2813 1250 2854 remitteret.
1281 2812 1373 2854 Sua
1402 2812 1615 2854 Maiestas
1645 2816 1799 2854 autem
1831 2812 1887 2853 de

192 2898 328 2926 causa
363 2885 452 2927 ista
485 2885 597 2927 nihil
632 2885 880 2940 respondit,
919 2897 1035 2939 quae
1071 2883 1261 2925 fuissent
1298 2882 1692 2937 augmentationes
1724 2882 1887 2924 Sacrae

138 2969 173 2995 35
193 2968 383 2997 coronae
402 2956 655 3010 Angelicae.
686 2955 832 3010 Igitur
858 2968 939 2996 nos
966 2954 1089 2995 illam
1111 2953 1452 2995 devastavimus
1475 2958 1519 2995 et
1541 2953 1885 3002 combussimus,

196 3025 315 3080 quia,
338 3026 461 3081 quod
487 3026 769 3068 habitatores
798 3025 916 3067 illius
948 3028 1094 3066 terrae
1126 3024 1272 3066 multa
1304 3023 1534 3065 turticinia
1566 3037 1618 3065 ac
1650 3023 1888 3065 latrocinia

194 3094 423 3138 iaciebant
439 3096 484 3138 in
500 3101 620 3138 terra
634 3101 805 3145 nostra,
822 3109 939 3150 quae
954 3094 1126 3136 diutius
1141 3094 1361 3136 sustinere
1377 3098 1421 3136 et
1438 3094 1628 3136 tolerare
1643 3094 1883 3136 noluimus.

196 3166 343 3220 Quare
373 3167 679 3222 supplicamus
717 3166 878 3208 Sacrae
908 3159 974 3208 Mti
1004 3166 1093 3207 Vrae
1125 3165 1305 3220 Regiae,
1349 3169 1575 3220 quatenus
1616 3165 1713 3220 ipsa
1750 3164 1889 3207 Sacra
