2209 3643
208 180 317 226 Junii
342 176 451 231 1529]
952 184 1026 218 No.
1052 195 1120 229 153
1833 199 1901 232 193

209 311 287 366 qui
313 325 488 367 semper
512 313 780 368 praecipuus
806 327 860 355 ex
886 315 1119 357 waivodae
1156 316 1450 358 servitoribus
1485 331 1578 359 esse
1604 318 1732 367 solet,
1772 318 1908 360 inter-

209 382 383 431 ficiunt,
417 383 610 425 alterum
637 384 845 439 capiunt2
868 385 1132 440 litterasque
1153 388 1381 437 auserunt,
1405 388 1537 430 simul
1558 389 1696 430 etiam
1717 389 1909 431 alteram

210 466 233 495 e
273 453 451 495 duabus
490 454 667 496 arcibus
707 455 941 510 Kykellew
980 462 1218 512 occupant.
1261 458 1386 513 Quae
1424 472 1492 500 res
1531 473 1635 501 cum
1674 460 1907 502 videretur

209 524 434 566 Valachos
480 530 524 567 et
572 525 719 580 ipsum
766 526 1020 568 waivodam
1067 529 1380 571 vehementius
1426 530 1673 580 irritatura,
1721 536 1907 573 coactus

180 599 277 641 5est
308 595 518 637 dominus
546 596 815 638 Valentinus
842 598 1017 640 Therek
1045 613 1147 640 cum
1177 600 1375 642 exercitu
1405 615 1586 643 manere
1615 601 1659 643 in
1689 602 1906 644 Transsil-

211 666 346 707 vania
369 679 377 716 ;
409 671 493 708 etc.

357 737 529 787 Eudae,
559 750 627 780 21.
654 738 780 792 Junii
810 751 933 794 1529.

351 844 685 889 (Autographum.
720 845 1008 887 Staatsarchiv,
1037 848 1163 882 VVien.
1193 849 1437 893 Hungarica.
1469 850 1630 884 Edidit:
1660 851 1807 884 Archiv
1836 852 1906 886 des

210 903 396 938 Vereines
431 903 495 937 fiir
527 904 873 950 siebenbiirgische
906 906 1200 942 Landeskunde
1232 908 1309 942 vol.
1340 911 1399 942 26.
1428 919 1517 954 pag.
1547 910 1649 953 669.)

159 1124 192 1149 10
1010 1095 1107 1136 153.

631 1202 836 1250 Krakdw,
878 1203 990 1256 [fine
1028 1203 1193 1256 simii]
1233 1216 1358 1258 1529.

335 1292 485 1331 Petrus
512 1292 700 1331 Tomicki
728 1293 1091 1333 vicecancellarius
1108 1295 1374 1346 Sigismundo
1403 1296 1434 1334 I.
1464 1296 1548 1347 regi
1575 1297 1784 1337 Poloniae.

355 1403 421 1444 De
454 1404 704 1446 tractatione
737 1406 1120 1447 controversiarum
1156 1407 1264 1448 inter
1291 1407 1525 1448 Polonz'am
1559 1412 1595 1448 ct
1628 1408 1903 1450 Moldaviam

212 1475 501 1516 existentium.

159 1619 192 1644 15
353 1593 497 1635 Sicuti
523 1593 752 1634 communi
780 1607 998 1636 consensu
1025 1607 1106 1648 ego
1133 1608 1235 1636 cum
1263 1594 1446 1636 domino
1473 1596 1718 1637 castellano
1747 1596 1904 1639 Craco-

211 1664 377 1705 viensi1
405 1668 449 1705 et
478 1664 662 1705 domino
689 1664 984 1713 thesaurario,
1013 1665 1130 1706 illius
1158 1662 1332 1713 fratre,2
1359 1666 1699 1721 perscripsimus
1726 1673 1904 1710 senten-

211 1735 324 1776 tiam
346 1739 551 1776 nostram
573 1728 640 1776 Mti
662 1735 751 1776 Vrae
785 1735 840 1776 de
874 1735 1048 1777 ratione
1083 1736 1244 1790 agendi
1279 1741 1530 1778 conventus
1552 1751 1654 1779 cum
1677 1738 1903 1787 Valachis,

212 1805 277 1847 ita
302 1819 384 1860 ego
410 1805 549 1847 etiarn
576 1805 670 1860 ipse
696 1805 742 1847 id
768 1806 830 1846 illi
856 1820 976 1848 nunc
1002 1811 1158 1861 repeto
1196 1820 1268 1848 me
1294 1807 1461 1848 scilicet
1488 1809 1657 1849 recenti
1684 1810 1904 1851 memoria

210 1881 363 1918 tenere
391 1877 631 1931 (quantum
655 1877 869 1918 retroacti
893 1877 1108 1931 temporis
1130 1877 1383 1919 recordatio
1406 1892 1507 1919 mea
1530 1879 1707 1934 assequi
1730 1882 1898 1935 potest)

156 1974 190 1999 20
212 1961 314 1988 eum
347 1960 519 1988 morem
552 1952 596 1989 et
631 1947 1003 1989 consuetudinem
1036 1952 1267 1990 servatam
1301 1961 1395 1990 esse
1427 1962 1616 2003 semper,
1650 1955 1701 1991 ut
1734 1965 1825 1992 non
1858 1951 1904 1992 in

210 2018 300 2066 illa,
329 2018 408 2059 sed
434 2018 480 2059 in
506 2018 591 2059 hac
618 2023 748 2073 parte
774 2018 973 2060 fluminis
1000 2019 1199 2068 Dniestr‚
1220 2018 1289 2060 ius
1315 2019 1370 2060 de
1396 2019 1568 2061 iniuriis
1595 2024 1639 2062 et
1667 2020 1845 2063 damnis
1872 2036 1898 2063 a

211 2088 462 2130 confinibus
502 2093 666 2132 mutuo
705 2089 842 2130 illatis
882 2089 1118 2137 diceretur,
1159 2089 1430 2131 nominatim
1471 2090 1516 2131 in
1557 2091 1665 2132 villa
1705 2092 1901 2134 Chodor-

211 2173 382 2202 cowcze
421 2164 501 2201 aut
542 2160 904 2208 Haworilowcze,
946 2174 1083 2214 quam
1124 2173 1218 2201 rem
1258 2164 1371 2214 puto
1410 2160 1683 2216 descriptam
1723 2176 1817 2204 esse
1856 2163 1903 2205 in

210 2230 512 2285 pactionibus,
540 2244 654 2285 quas
690 2235 793 2285 post
830 2230 1127 2272 novissimum
1152 2231 1319 2272 bellum
1344 2231 1638 2273 Valachicum
1664 2233 1904 2275 consiliarii

156 2327 193 2353 25,
211 2295 292 2342 Mtis
323 2302 414 2343 Vrae
457 2315 561 2343 cum
606 2301 868 2343 consiliariis
912 2301 1136 2349 Bohdani,
1182 2300 1432 2343 voievodae
1464 2303 1697 2356 quondam
1729 2304 1901 2346 Molda—

210 2371 390 2420 vieusis,
416 2371 462 2413 in
487 2371 737 2414 Camieniec
762 2373 1062 2420 confecerant,
1089 2372 1167 2413 ubi
1190 2372 1346 2426 procul
1370 2372 1508 2414 dubio
1532 2373 1709 2415 illarum
1734 2375 1904 2430 scripta

210 2442 256 2483 in
291 2443 376 2483 hoc
411 2446 592 2497 tempus
627 2447 811 2484 exstant
847 2448 891 2484 et
927 2446 1179 2484 servantur.
1218 2443 1367 2497 Quare
1402 2442 1438 2484 si
1472 2457 1651 2485 necesse
1685 2445 1766 2486 fiat
1802 2445 1901 2487 illas

210 2513 395 2561 consuli,
423 2513 634 2555 reducere
666 2513 721 2554 de
758 2513 827 2554 his
865 2514 910 2554 in
936 2513 1199 2554 memoriam
1238 2507 1321 2554 Mus
1358 2513 1447 2554 Vme
1469 2513 1611 2555 Sermac
1637 2515 1773 2557 officii
1811 2517 1899 2558 mei

210 2596 305 2625 esse
335 2583 511 2638 putavi.

157 2680 191 2706 30
357 2654 531 2695 Datum
557 2654 812 2703 Cracoviae,
842 2666 966 2708 1529.

629 2762 745 2806 (Acta
776 2762 1007 2796 Tomiciana
1039 2762 1116 2796 vol.
1151 2762 1224 2795 XI.
1259 2773 1347 2807 pag.
1383 2762 1484 2806 207.)

350 2926 364 2947 2
385 2926 527 2961 Petrus
564 2927 745 2961 Tomicki
782 2928 990 2973 episcopus
1028 2926 1299 2960 Cracoviensis
1340 2937 1397 2968 19.
1436 2927 1533 2971 Julii
1575 2937 1683 2971 1529.
1718 2928 1903 2963 similiter

210 2984 369 3019 scribit:
402 2985 610 3020 Voievoda
629 2986 913 3020 Moldaviensis
933 2986 1246 3025 Transsilvanos,
1269 2985 1338 3030 qui
1370 2986 1583 3020 adversum
1617 2997 1747 3031 regem
1778 2987 1899 3032 Joan-

210 3053 300 3077 nem
332 3043 547 3085 faciebant,
582 3045 730 3080 dicitur
761 3055 899 3079 omnes
929 3044 1161 3089 profligasse
1193 3047 1233 3078 et
1264 3044 1456 3089 plurimos
1483 3056 1531 3078 ex
1553 3045 1629 3078 illis
1649 3045 1838 3080 occidisse
1859 3049 1902 3081 et

158 3114 191 3139 35
210 3102 368 3146 cepisse.
393 3097 512 3150 (Acta
531 3104 764 3138 Tomiciana
784 3104 862 3137 vol.
886 3103 981 3136 XII.
1003 3113 1093 3148 pag.
1116 3103 1217 3146 219.)

355 3161 369 3181 1
389 3160 696 3207 christophorus
715 3157 1011 3208 Szydlowiecki.
1076 3161 1089 3182 2
1109 3161 1308 3196 NicolauS.

278 3247 381 3273 Fontes
401 3248 507 3274 Rerum
526 3249 805 3283 Transylvanicarum
826 3249 881 3275 IV.
1716 3252 1752 3284 13
