2209 3643
187 181 248 216 24.
276 171 387 216 Junii
411 166 522 221 1499]
963 172 1038 207 No.
1060 183 1106 218 42
1831 180 1881 216 49

175 303 397 357 Stephani
432 303 656 346 vaivodae
691 307 737 345 et
772 304 962 359 Bogdan
998 303 1076 345 filii
1111 303 1311 345 eiusdem
1347 303 1537 345 aliorum
1573 302 1880 358 quorumlibet

180 374 367 430 praevia
390 375 567 418 ratione
592 388 682 417 non
708 374 935 416 obstante.
962 374 1166 416 Tandem
1192 388 1300 416 vero
1325 374 1396 416 die
1421 373 1627 416 similiter
1650 374 1696 416 in
1721 374 1880 416 eodem

180 445 240 488 ad
260 445 398 487 facies
417 446 750 501 possessionum
782 446 1039 487 Kerezthur
1069 460 1121 487 ac
1156 446 1324 487 Felewr
1355 449 1623 488 vocatarum
1656 445 1880 488 comitatu

181 517 227 559 in
268 517 546 573 praescripto
587 516 888 559 existentibus
930 516 1256 566 adiacentibus
1301 516 1593 559 consimiliter
1632 516 1791 558 vicinis
1832 521 1878 558 et

148 589 505 630 §commetaneis
539 588 799 637 earundem,
836 592 950 643 puta
985 588 1201 630 antefatis
1238 588 1446 643 Philippo
1493 592 1538 630 et
1575 587 1781 630 Emerico
1817 587 1873 630 de

180 660 427 714 Mykczaza
466 674 518 702 ac
558 660 745 702 Urbano
786 659 841 701 de
879 659 1075 714 Arpasto
1117 659 1304 714 aliisque
1343 673 1482 714 quam
1522 658 1727 714 pluribus
1766 658 1878 701 inibi

141 730 143 733 ’
178 730 376 785 legitime
398 730 660 773 convocatis
681 734 726 772 et
749 730 1076 785 praesentibus,
1099 729 1390 771 accessissent
1413 729 1457 772 in
1479 729 1603 771 dicta
1625 730 1880 772 Kerezthur

178 801 342 857 viginti
381 816 522 843 unum
563 802 608 843 in
648 802 856 857 praefata
895 806 1060 842 vocata
1100 801 1270 843 Felewr
1308 801 1663 856 possessionibus
1703 801 1879 843 vocatis

177 873 360 915 nomine
406 873 625 915 sessiones
671 872 976 927 iobagionales
1023 872 1265 927 populosas
1311 872 1431 927 ipsos
1476 872 1595 913 solos
1640 872 1877 914 dominum

122 951 160 979 10
174 945 459 998 Stephanum
480 943 726 986 vaivodam
747 948 792 985 et
814 943 1004 998 Bogdan
1026 943 1168 984 filium
1189 943 1390 985 eiusdem
1411 942 1590 999 proprie
1611 948 1657 985 et
1678 943 1877 998 praecise

177 1020 503 1058 concernentes
540 1015 823 1057 invenientes
856 1014 1129 1069 easdemque
1166 1019 1444 1069 occupantes
1468 1027 1521 1056 ac
1546 1028 1627 1069 pro
1653 1014 1878 1069 condigna

176 1087 423 1130 earundem
454 1086 772 1128 aestimatione
802 1085 847 1127 in
879 1085 1057 1127 duabus
1087 1085 1206 1127 veris
1236 1084 1493 1134 iudiciariis,
1526 1084 1571 1126 in
1603 1085 1740 1127 tertia
1770 1099 1877 1127 vero

176 1159 398 1214 partibus,
442 1157 586 1213 partis
627 1157 796 1199 scilicet
839 1157 1057 1198 adversae
1099 1156 1324 1205 manibus,
1368 1155 1547 1198 tamdiu
1588 1170 1668 1211 per
1708 1169 1790 1199 vos
1831 1160 1877 1198 et

176 1230 368 1272 eandem
403 1233 582 1284 partem
618 1229 872 1277 adversam,
910 1228 1052 1269 donec
1087 1227 1272 1270 eaedem
1308 1241 1334 1269 a
1368 1227 1499 1269 nobis
1533 1230 1578 1268 et
1614 1226 1713 1282 ipsa
1747 1231 1877 1282 parte

119 1307 160 1334 15
176 1301 382 1350 adversa,
422 1300 468 1341 in
508 1299 732 1354 condigna
770 1299 1016 1341 earundem
1056 1298 1387 1347 aestimatione,
1429 1311 1509 1353 per
1546 1298 1642 1347 1105,
1683 1312 1877 1353 quorum

175 1371 478 1427 redemptioni
498 1370 641 1424 magis
657 1375 940 1425 competunt,
957 1370 1299 1419 redimerentur,
1316 1369 1452 1411 titulo
1472 1368 1672 1424 pignoris
1691 1369 1877 1412 statuis-

175 1448 275 1485 sent
301 1447 346 1485 et
373 1442 703 1485 commisissent
726 1441 1034 1497 possidendas,
1057 1441 1192 1483 modo
1213 1440 1347 1482 simili
1368 1439 1729 1482 contradictione
1749 1454 1877 1496 prae-

174 1519 441 1556 notatorum
467 1513 639 1555 domini
662 1512 882 1568 Stephani
906 1512 1130 1554 vaivodae
1155 1516 1199 1553 et
1226 1512 1416 1566 Bogdan
1441 1511 1520 1554 filii
1544 1511 1747 1553 eiusdem
1772 1525 1877 1553 con-

175 1585 361 1627 victoris
401 1589 447 1627 et
489 1584 680 1626 aliorum
722 1583 1028 1638 quorumlibet
1071 1583 1256 1638 praevia
1296 1582 1472 1625 ratione
1512 1595 1603 1624 non
1645 1583 1873 1625 obstante.

117 1662 157 1689 20
175 1658 372 1699 Demum
399 1669 508 1698 vero
534 1660 579 1697 et
607 1654 769 1697 ultimo
796 1654 867 1696 die
894 1654 1028 1695 simili
1055 1654 1100 1695 in
1126 1653 1285 1696 eodem
1312 1653 1448 1695 iidem
1475 1657 1626 1695 vester
1651 1658 1696 1695 et
1722 1658 1878 1696 noster

174 1728 380 1770 homines
410 1727 469 1769 ad
498 1726 660 1768 faciem
691 1725 846 1781 oppidi
877 1726 1110 1780 Reththeg
1138 1724 1370 1780 appellati,
1402 1724 1447 1766 in
1476 1724 1710 1780 praedicto
1740 1724 1876 1766 comi-

174 1804 278 1841 tatu
318 1799 491 1841 Zolnok
529 1797 732 1839 interiori
771 1796 1007 1838 existentis
1046 1795 1208 1845 habiti,
1248 1795 1409 1837 vicinis
1448 1800 1493 1837 et
1550 1795 1876 1837 commetaneis

173 1870 376 1913 eiusdem
392 1868 636 1911 antedictis
663 1868 954 1910 consimiliter
982 1867 1092 1908 inibi
1112 1866 1311 1922 legitime
1326 1865 1588 1908 convocatis
1605 1871 1650 1908 et
1666 1880 1874 1922 praesen-

173 1942 298 1984 tibus
338 1940 675 1989 accedentibus,
707 1943 752 1981 et
782 1939 892 1980 dum
921 1938 1042 1979 idem
1072 1938 1291 1993 oppidum
1320 1937 1591 1992 praehabita
1619 1937 1874 1979 reambula-

116 2017 155 2043 25
172 2011 316 2055 tione2
344 2017 390 2054 et
417 2011 642 2067 condigna
669 2010 986 2052 aestimatione
1012 2009 1213 2051 eiusdem
1238 2008 1374 2051 modo
1400 2008 1533 2050 simili
1559 2021 1782 2064 occupare
1820 2022 1872 2051 ac

173 2098 254 2139 pro
287 2083 512 2138 condigna
544 2081 745 2124 eiusdem
779 2079 1095 2123 aestimatione
1128 2080 1174 2121 in
1207 2079 1385 2121 duabus
1417 2078 1580 2121 vestris
1612 2078 1872 2129 iudiciariis,

173 2155 219 2196 in
258 2155 395 2197 tertia
432 2167 540 2196 vero
579 2152 803 2209 partibus,
845 2151 987 2207 partis
1025 2150 1193 2193 scilicet
1233 2151 1450 2192 adversae
1488 2150 1700 2192 manibus
1738 2150 1875 2192 modo

173 2225 421 2282 praemisso
451 2225 588 2267 titulo
619 2223 817 2280 pignoris
847 2227 1050 2264 statuere
1080 2221 1343 2270 voluissent,
1376 2221 1731 2276 possidendum;
1764 2226 1876 2263 tunc

174 2297 359 2353 quidem
378 2296 620 2351 Gregorius
638 2296 811 2337 Farkas
829 2298 874 2335 et
890 2293 1124 2348 Johannes
1142 2293 1272 2347 Bagy
1290 2291 1533 2333 familiares
1551 2296 1596 2333 et
1616 2291 1876 2346 iobagiones

114 2369 154 2396 3⁰
173 2367 622 2422 praenominatorum
672 2364 844 2408 domini
896 2363 1116 2418 Stephani
1174 2363 1398 2405 vaivodae
1451 2367 1496 2404 et
1550 2363 1742 2418 Bogdan
1795 2363 1875 2404 filii

174 2439 390 2488 eiusdem,
445 2438 491 2479 in
540 2437 699 2479 eodem
751 2436 918 2492 oppido
976 2435 1207 2489 Reththeg
1255 2438 1588 2476 commorantes
1635 2433 1875 2475 simulcum

173 2509 402 2552 nonnullis
425 2508 723 2564 complicibus
743 2521 913 2555 eorum,
941 2506 996 2548 de
1020 2505 1203 2561 speciali
1223 2505 1445 2546 mandato
1477 2509 1523 2546 et
1557 2504 1872 2546 commissione

173 2580 422 2622 eorundem
463 2577 772 2621 dominorum3
815 2578 1030 2633 ipsorum,
1069 2576 1281 2617 manibus
1308 2575 1497 2617 armatis
1523 2579 1568 2617 et
1597 2575 1873 2630 potentiarie

175 2656 337 2694 contra
362 2651 596 2707 praefatos
623 2654 831 2693 nostrum
853 2653 897 2691 et
920 2652 1123 2690 vestrum
1145 2647 1350 2689 homines
1369 2646 1665 2701 insurgentes,
1690 2646 1873 2688 eosdem

120 2723 160 2750 ³5
176 2723 235 2764 ab
266 2723 365 2777 ipsa
393 2721 660 2764 executione
690 2721 970 2776 repellentes,
998 2719 1143 2774 ipsam
1185 2721 1387 2759 vestram
1429 2716 1711 2759 iudiciariam
1753 2730 1874 2758 com-

175 2793 436 2835 missionem
478 2792 679 2834 eiusdem
722 2790 883 2846 exequi
925 2804 1014 2831 non
1059 2788 1360 2830 admisissent.

322 2865 497 2905 Datum
534 2863 672 2905 tertio
708 2863 780 2905 die
816 2861 904 2904 diei
940 2859 1254 2902 restatutionis
1290 2863 1334 2901 et
1384 2857 1650 2913 repulsionis
1698 2857 1874 2913 praedi-

178 2935 515 2977 ctarum.Anno
525 2932 954 2976 DominiMillesimo
972 2929 1418 2985 quadringentesimo
1435 2929 1728 2984 nonagesimo
1736 2942 1870 2971 nono.

324 3015 676 3061 (Transsumptum
702 3013 892 3060 originale
919 3012 1076 3047 comitis
1105 3012 1215 3046 Petri
1240 3011 1526 3057 Szentgyorgyi
1551 3011 1600 3045 de
1625 3020 1732 3045 anno
1761 3020 1871 3055 1501.

121 3088 161 3114 40
176 3074 372 3119 Orszagos
401 3075 599 3115 Leveltar,
633 3075 853 3119 Budapest.
885 3072 948 3106 Dl.
982 3071 1135 3114 28000.)

322 3169 336 3190 ²
365 3169 414 3203 In
441 3169 623 3214 originali
641 3179 648 3203 z
678 3167 958 3214 praehabitam
977 3165 1347 3200 reambulationem.
1393 3165 1407 3186 ³
1423 3165 1471 3199 In
1484 3164 1666 3210 originali
1683 3174 1690 3198 ι
1707 3164 1872 3200 domini.

242 3244 345 3270 Fontes
365 3245 471 3271 Rerum
491 3244 769 3278 Transylvanicarum
790 3243 843 3269 IV.
1694 3240 1715 3272 4
