2209 3643
97 466 147 496 27.
170 457 252 496 junii

109 1540 156 1570 μ.
181 1531 253 1559 Maii

280 183 349 217 108
1043 179 1118 214 No.
1141 179 1186 222 83
1669 174 1716 228 [5.
1735 175 1848 225 Junii
1870 190 1965 225 1514

278 313 512 355 dominum
535 312 804 367 Bogdanum
827 310 1072 352 vaivodam
1094 309 1448 351 Moldaviensem
1470 309 1516 350 in
1538 309 1725 352 civitate
1748 310 1968 353 Coloswar

279 385 439 438 quinto
463 383 636 424 decimo
660 382 731 423 die
755 386 1023 422 octavarum
1046 381 1151 422 festi
1174 380 1535 435 Epiphaniarum
1559 381 1743 422 Domini
1766 381 1968 436 proxime

278 453 510 509 praeteriti
542 452 778 500 emanatis‚
813 451 1032 506 nobisque
1065 451 1363 492 amicabiliter
1393 451 1662 493 sonantibus
1693 456 1738 493 et
1772 451 1964 501 directis,

277 525 406 566 iuxta
464 523 708 564 earundem
757 522 1085 563 continentiam
1140 522 1453 564 amicabilibus
1505 522 1802 576 petitionibus
1855 522 1967 564 eius-

277 596 379 636 dem
427 595 517 635 Vm
548 593 910 648 Magnificentiae
950 598 1201 634 annuentes
1240 607 1437 635 unacum
1474 593 1614 635 nobili
1659 593 1868 648 Philippo
1913 593 1968 634 de
2010 605 2026 631 5

276 665 529 720 Mykehaza
561 664 742 705 homine
774 668 926 705 vestro
959 663 1203 713 vaivodali,
1238 663 1356 705 inter
1388 664 1497 706 alios
1530 664 1576 705 in
1608 663 1775 706 eisdem
1807 663 1968 706 litteris

275 737 366 777 Vm
410 734 773 790 Magnificentiae
815 734 1154 776 adiudicatoriis
1196 734 1469 777 nominatim
1511 735 1789 790 conscriptos
1830 734 1968 790 speci-

274 808 411 848 ficato
446 811 489 847 et
526 806 585 847 ad
619 806 666 847 id
700 805 755 846 de
790 806 894 847 sede
929 810 1082 847 vestra
1149 805 1382 847 iudiciaria
1416 805 1670 861 specialiter
1703 806 1969 847 transmisso

274 891 416 919 unum
441 892 497 919 ex
521 876 651 918 nobis
676 876 886 919 videlicet
911 876 1167 931 religiosum
1193 877 1341 919 virum
1366 877 1554 919 fratrem
1579 876 1802 919 Mathiam
1825 890 1969 919 sacer-

275 948 443 997 dotem,
467 948 639 989 socium
660 952 868 990 nostrum
890 948 1239 990 conventualem
1261 948 1320 990 ad
1341 949 1635 1003 praemissam
1656 947 1969 990 viceiteratam
1986 959 2034 987 ιο,

276 1019 673 1074 possessionariam
732 1019 1099 1073 exequutionem,
1139 1019 1269 1061 iuxta
1327 1019 1657 1061 continentiam
1714 1018 1970 1061 litterarum

276 1089 502 1145 Magnifici
534 1089 706 1131 domini
738 1090 916 1131 comitis
949 1090 1087 1139 Petri,
1121 1089 1299 1132 comitis
1332 1089 1386 1132 de
1416 1090 1584 1132 Sancto
1616 1089 1806 1144 Georgio
1838 1094 1882 1132 et
1915 1089 1970 1132 de

274 1161 432 1217 Bozyn
471 1160 630 1202 iudicis
670 1161 818 1202 curiae
859 1162 1025 1217 Regiae
1064 1161 1316 1203 Maiestatis
1356 1161 1466 1203 alias
1504 1160 1710 1202 similiter
1747 1161 1970 1203 vaivodae

275 1231 685 1273 Transsilvanensis
745 1236 790 1273 et
845 1231 1097 1275 Siculorum
1156 1231 1334 1274 comitis
1393 1236 1477 1274 etc.
1539 1231 1971 1274 adiudicatoriarum

275 1316 356 1344 suo
385 1302 520 1344 modo
548 1302 907 1358 peragendarum
934 1308 1091 1345 nostro
1112 1317 1192 1358 pro
1214 1303 1475 1345 testimonio
1496 1303 1583 1345 fide
1604 1303 1791 1359 dignum
1819 1302 1970 1344 duxis-
1986 1313 2024 1340 15

276 1387 425 1415 semus
470 1374 907 1424 transmittendum;
955 1375 1143 1416 tandem
1190 1374 1325 1416 iidem
1370 1374 1532 1417 exinde
1578 1374 1637 1416 ad
1680 1387 1762 1415 nos
1807 1373 1972 1415 reversi

276 1445 582 1499 pariformiter
601 1445 732 1486 nobis
752 1446 1005 1487 retulerunt
1027 1460 1079 1488 eo
1100 1445 1236 1487 modo
1259 1459 1265 1486 :
1291 1445 1424 1500 Quod
1445 1459 1548 1487 cum
1569 1445 1654 1500 ipsi
1676 1444 1787 1487 feria
1807 1448 1972 1499 quarta

276 1515 484 1570 proxima
510 1520 613 1571 post
640 1516 807 1557 festum
834 1516 967 1558 Beati
994 1516 1169 1559 Urbani
1195 1530 1355 1571 papae,
1382 1516 1562 1558 noviter
1586 1515 1897 1571 praeteritum,
1925 1518 1971 1556 et

276 1586 373 1627 aliis
397 1586 555 1629 diebus
578 1586 840 1629 immediate
863 1588 1171 1642 sequentibus,
1197 1587 1256 1628 ad
1278 1587 1324 1628 id
1346 1587 1514 1629 scilicet
1538 1587 1657 1642 aptis
1680 1590 1725 1628 et
1747 1585 1971 1627 sufficien-

276 1657 399 1699 tibus
423 1658 569 1712 primo
595 1662 639 1699 et
665 1657 974 1713 principaliter
999 1658 1058 1700 ad
1082 1659 1218 1700 facies
1243 1657 1534 1713 possessionis
1558 1657 1705 1700 Zenth
1729 1657 1972 1712 Margytha
1988 1668 2023 1694 20

277 1728 531 1783 appellatae
559 1729 604 1769 in
633 1730 856 1771 comitatu
883 1730 1055 1771 Zolnok
1084 1729 1285 1771 interiori
1312 1728 1562 1778 existentis,
1591 1728 1750 1770 vicinis
1778 1732 1822 1769 et
1852 1741 1971 1769 com-

277 1799 496 1841 metaneis
522 1799 736 1850 eiusdem,
764 1805 879 1855 puta
915 1800 1142 1842 nobilibus
1180 1804 1225 1841 et
1270 1799 1380 1841 dum
1424 1800 1657 1855 praefatus
1700 1799 1836 1840 homo
1879 1799 1971 1840 V‘ae

276 1870 637 1924 Magnificentiae
688 1872 811 1913 dicto
860 1876 1017 1913 nostro
1067 1871 1329 1912 testimonio
1379 1870 1606 1925 praesenti
1655 1873 1972 1925 praenarratas

276 1940 451 1982 litteras
491 1942 701 1983 annotati
741 1941 912 1983 domini
952 1941 1129 1983 comitis
1170 1942 1292 1983 Petri
1331 1941 1683 1983 adiudicatorias
1722 1955 1803 1995 pro
1842 1944 1973 1995 parte

277 2012 471 2053 antefati
491 2013 728 2067 Johannis,
754 2012 833 2054 filii
857 2012 967 2054 dicti
991 2012 1184 2054 condam
1208 2012 1438 2054 Michaelis
1462 2012 1688 2067 Desewffy
1710 2011 1765 2052 de
1790 2011 1972 2066 Chycho
1989 2023 2026 2049 25

279 2083 507 2125 confectas
535 2097 625 2138 quo
653 2084 712 2125 ad
739 2097 894 2125 omnes
921 2097 1076 2125 earum
1105 2082 1422 2132 continentias,
1454 2082 1766 2136 clausulasque
1793 2086 1838 2123 et
1867 2081 1973 2122 arti-

278 2154 413 2204 culos,
457 2153 587 2195 iuxta
627 2154 794 2197 scilicet
837 2153 1118 2196 iudiciariam
1159 2152 1521 2196 commissionem
1561 2152 1762 2195 eiusdem
1803 2151 1974 2194 domini

279 2224 456 2266 comitis
490 2224 614 2267 Petri
647 2225 899 2267 variatione
945 2224 1039 2266 sine
1073 2225 1196 2266 omni
1228 2238 1440 2279 peragere
1474 2229 1519 2265 et
1553 2224 1763 2279 perficere
1796 2227 1973 2264 contra-

279 2295 475 2337 dictione
521 2295 759 2351 praelibati
820 2295 992 2338 domini
1038 2295 1246 2350 Bogdani
1293 2294 1516 2337 vaivodae
1562 2293 1882 2336 Moldaviensis
1928 2297 1973 2334 et

278 2365 467 2407 aliorum
520 2367 826 2421 quorumlibet
878 2365 1065 2422 praevia
1115 2366 1291 2408 ratione
1341 2379 1432 2407 non
1485 2366 1712 2414 obstante,
1766 2363 1974 2406 effective
1990 2376 2023 2403 30

279 2436 440 2490 exequi
455 2437 718 2487 voluissent,
736 2438 923 2493 quidam
939 2437 1106 2478 Paulus
1120 2436 1381 2486 udvarbiro‚
1405 2435 1638 2478 familiaris
1660 2435 1769 2477 dicti
1803 2434 1974 2489 Magni-

279 2506 351 2547 fici
376 2507 546 2549 domini
572 2508 778 2564 Bogdani
803 2508 1026 2551 vaivodae
1052 2507 1374 2550 Moldaviensis
1400 2507 1447 2548 in
1471 2506 1749 2562 possessione
1774 2505 1973 2547 eiusdem

281 2575 543 2620 Kerezthwr
572 2584 738 2621 vocata
768 2592 1053 2621 commorans
1084 2578 1253 2620 ibidem
1283 2578 1329 2619 in
1360 2578 1473 2620 facie
1504 2577 1653 2619 dictae
1683 2575 1973 2632 possessionis

279 2647 425 2689 Zenth
475 2650 718 2705 Margytha
775 2650 820 2691 in
878 2650 1059 2692 eosdem
1111 2650 1151 2691 V
1155 2651 1204 2668 ‘³⁸
1256 2648 1617 2704 Magnificentiae
1670 2652 1715 2689 et
1766 2650 1973 2688 nostrum

280 2716 483 2760 homines
514 2719 686 2763 irruens
718 2721 960 2776 evaginato
991 2719 1155 2775 gladio,
1188 2719 1371 2761 nomine
1402 2723 1447 2761 et
1480 2719 1525 2760 in
1557 2731 1749 2774 persona
1780 2715 1974 2772 praefati
1989 2729 2026 2756 35

281 2786 451 2829 domini
486 2790 692 2845 Bogdani
726 2791 949 2833 vaivodae
984 2790 1319 2840 Moldaviensis,
1356 2789 1529 2831 domini
1563 2789 1632 2831 sui
1667 2803 1694 2830 a
1728 2787 1974 2842 praemissa

282 2858 546 2901 viceiterata
577 2861 880 2916 exequutione
911 2862 1220 2903 antefatarum
1249 2860 1504 2902 litterarum
1534 2857 1773 2901 memorati
1802 2857 1973 2900 domini

283 2928 459 2970 comitis
502 2931 692 2972 Petri
724 2931 999 2986 repulisset.1
1043 2932 1246 2986 Quarum
1276 2930 1410 2972 series
1445 2943 1527 2971 nos
1564 2930 1654 2970 Vrae
1686 2928 1973 2983 Magnificen-

435 3092 449 3112 1
470 3092 581 3127 Alter
600 3094 779 3128 officialis
800 3094 996 3129 vaivodae
1017 3095 1184 3140 Bogdan
1203 3095 1278 3128 hoe
1298 3097 1478 3138 tempore
1497 3092 1538 3126 in
1558 3091 1875 3137 Vajdakamaras
1896 3092 1973 3128 fuit
1987 3105 2024 3130 40

285 3148 515 3185 Sandrinus.
