2209 3643
263 201 334 239 174
1023 190 1097 225 No.
1123 200 1194 235 134
1675 186 1723 240 [6.
1743 191 1833 237 Jan.
1858 202 1956 237 1529

263 328 419 365 nostra
440 337 494 364 ex
522 320 870 377 [in]formatione
895 320 1137 362 Caesareae
1171 313 1238 360 Mti
1272 319 1362 361 Vrae
1395 333 1475 374 per
1507 320 1773 362 waiwodam
1808 321 1959 363 Radul

264 394 573 436 ostendentur.
609 391 771 432 Valeat
805 390 877 431 Vra
910 390 1125 431 Maiestas
1158 389 1374 432 Caesarea
1407 404 1550 432 annos
1582 391 1764 433 multos.

408 464 579 504 Datum
598 462 643 502 in
661 466 810 503 castro
826 465 982 502 nostro
1000 461 1213 515 Pragensi
1229 461 1275 502 in
1292 461 1410 503 festo
1423 461 1578 503 Sancti
1596 462 1744 516 Egidii
1761 462 1955 504 abbatis.

263 536 397 576 Anno
427 532 610 574 Domini
639 531 877 573 Millesimo
907 531 1269 586 quingentesimo
1298 532 1517 587 vigesimo
1547 537 1724 574 octavo.

407 603 720 645 Ferdinandus
1517 603 1843 645 Bernardinus1
1997 618 2015 643 5

1390 674 1625 729 episcopus
1651 674 1955 716 Tridentinus.

421 791 599 836 (Gevayx
625 791 851 826 Urkunden
874 792 956 825 und
980 791 1252 825 Actenstficke
1276 791 1371 825 fasc.
1397 805 1431 836 4.
1456 802 1546 837 pag.
1576 792 1803 836 105—106.)

1062 978 1162 1020 134.

733 1099 1023 1155 Nagyszeben,
1050 1100 1089 1141 6.
1115 1100 1334 1153 Ianuarii
1361 1112 1488 1155 1529.

260 1202 449 1254 Magistri
466 1202 635 1248 civium,
654 1201 812 1241 iudices
827 1202 1039 1253 iuratique
1056 1202 1168 1240 cives
1183 1206 1225 1240 et
1242 1202 1424 1241 seniores
1439 1203 1730 1241 universitatis
1743 1203 1959 1242 Saxonum
1976 1220 2013 1246 10

391 1261 579 1313 partium
605 1261 1001 1300 Transsilvanarum
1026 1285 1081 1289 —
1107 1261 1375 1300 Ferdinando
1403 1262 1435 1301 I.
1465 1262 1550 1313 regi
1578 1262 1833 1313 Hungariae.

403 1385 516 1427 Cum
546 1385 730 1427 Alvz'ncz
758 1390 795 1427 et
825 1385 1040 1427 Borkerek
1069 1386 1118 1427 ob
1145 1400 1290 1427 ‘necem
1314 1386 1461 1427 Radul
1488 1386 1693 1427 vaivodae
1726 1386 1960 1428 Valaclziae

260 1456 416 1498 liberae
438 1457 577 1508 jactae
601 1461 715 1506 sunt,
741 1470 875 1512 usque
897 1457 954 1498 ad
977 1457 1263 1498 novissimam
1287 1457 1603 1499 ordinationem
1625 1461 1703 1512 pro
1727 1471 1816 1512 rege
1839 1471 1959 1498 occu-

260 1531 437 1582 paritur.

406 1647 644 1689 Caeterum
680 1647 975 1702 cognovimus
1010 1647 1246 1689 dominum
1283 1647 1434 1689 Radul
1468 1647 1713 1689 vaivodam
1748 1647 1956 1688 Transal-
1976 1669 2011 1696 15

261 1717 495 1772 pinensem
526 1732 618 1760 una
649 1732 752 1760 curn
782 1718 875 1760 filio
906 1731 1000 1759 esse
1031 1718 1325 1767 trucidatum,
1359 1718 1447 1759 alio
1477 1718 1677 1773 quodam
1708 1718 1954 1768 Bozzarab,

261 1788 378 1830 illius
399 1789 594 1844 proximi
617 1789 838 1831 Bozzarat
862 1789 1087 1831 vaivodae
1108 1789 1200 1831 filio
1222 1803 1303 1844 per
1323 1789 1493 1830 Turcas
1515 1789 1560 1830 in
1583 1789 1829 1830 vaivodam
1864 1789 1954 1830 suf-

261 1859 392 1902 fecto.
420 1860 552 1902 Nunc
576 1874 680 1915 ergo
703 1860 872 1915 oppida
894 1860 1083 1902 Alvincz
1105 1865 1150 1902 et
1174 1860 1403 1902 Borberek
1426 1860 1471 1901 in
1494 1860 1733 1915 pristinam
1756 1860 1956 1915 ipsorum

260 1931 520 1972 libertatem
550 1936 595 1973 et
628 1931 726 1973 iura
756 1945 893 1986 penes
924 1945 1006 1973 nos
1038 1931 1293 1973 reincidisse
1324 1931 1551 1980 videntur,
1585 1944 1702 1986 quae
1734 1935 1956 1985 tanquam

259 2001 412 2043 fideles
447 2006 492 2044 et
536 2002 772 2057 dignitatis
819 2016 870 2044 ac
918 2002 1258 2044 commodorum
1293 2002 1382 2043 Vrae
1415 2002 1680 2044 Serenitatis
1714 2006 1953 2051 amatores,
1973 2025 2010 2051 20

259 2086 342 2127 pro
370 2073 442 2114 Vra
468 2073 720 2115 Serenitate
749 2086 886 2128 penes
915 2087 997 2115 nos
1027 2073 1363 2128 occupavimus,
1396 2073 1538 2115 donec
1585 2072 1773 2114 ulterius
1802 2086 1954 2127 super-

261 2143 366 2184 inde
394 2158 420 2185 a
447 2144 520 2185 Vra
544 2144 796 2186 Serenitate
837 2144 1168 2186 informemur.1
1198 2144 1515 2199 Supplicamus
1543 2143 1680 2199 igitur
1706 2143 1955 2185 humillime

261 2219 305 2255 et
328 2214 588 2265 subiective,
612 2220 839 2270 quatenus
864 2215 962 2270 ipsa
992 2215 1117 2257 Serma
1139 2215 1352 2256 Maiestas
1385 2215 1457 2256 Vra
1478 2215 1554 2256 illa
1587 2214 1755 2270 oppida
1786 2214 1955 2255 nemini

261 2285 607 2327 candidatorum
639 2286 807 2328 donare
839 2286 1062 2341 dignetur,
1095 2286 1180 2327 nisi
1211 2286 1383 2328 iuribus
1413 2285 1579 2328 nostris
1609 2285 1777 2327 revisis.

406 2356 568 2398 Cibinii
606 2357 703 2412 ipso
741 2357 859 2399 festo
897 2357 1258 2412 Epiphaniamm
1297 2357 1494 2406 Domini,
1535 2370 1656 2398 anno
1693 2356 1787 2397 eius
1827 2366 2005 2410 1529.25

399 2472 637 2517 (Originalez
678 2474 966 2514 Staatsarchiv,
1008 2474 1134 2508 VVien.
1176 2473 1420 2518 Hungarica.
1473 2473 1636 2508 Edidit:
1679 2472 1828 2507 Archiv
1884 2474 1953 2507 des

261 2530 446 2566 Vereines
470 2532 533 2566 fiir
562 2533 908 2578 siebenburgische
936 2534 1231 2568 Landeskunde
1259 2533 1336 2567 vol.
1362 2536 1421 2567 26.
1445 2543 1536 2578 pag.
1560 2532 1662 2575 628.)

401 2674 414 2694 1
442 2675 567 2710 Recte
595 2676 823 2711 Bernardus
848 2676 997 2711 Clesius
1023 2676 1325 2722 (1514—1539).

400 2768 412 2788 1
444 2768 610 2802 Alvincz
641 2773 681 2803 et
702 2770 905 2804 Borberek
926 2771 1089 2806 fuerunt
1109 2772 1284 2806 donatae
1305 2771 1478 2805 Radulio
1508 2770 1706 2804 vaivodae
1735 2769 1950 2803 Valachiae

260 2836 330 2870 per
362 2827 610 2861 Ludovicum
644 2828 698 2862 II.
734 2839 863 2873 regem
898 2830 1141 2874 Hungariae,
1176 2831 1244 2864 sed
1284 2840 1380 2873 1529
1407 2840 1532 2868 caeso,
1560 2827 1731 2862 contulit
1754 2828 1947 2873 oppidum
1963 2848 2003 2876 30

261 2884 425 2918 Alvincz
448 2886 623 2930 Joannes
648 2887 679 2920 I.
719 2898 786 2921 rex
812 2888 1043 2932 Hungariae
1067 2888 1233 2922 Nicolao
1261 2887 1481 2928 Koesardi;
1506 2886 1744 2931 Ungrisches
1764 2887 1947 2931 Magazin

261 2942 337 2976 vol.
362 2944 438 2977 III.
466 2944 606 2990 (1783.)
630 2956 718 2990 pag.
746 2956 828 2989 131.
