2209 3643
114 2444 163 2474 26.
187 2441 267 2474 ιὈΨ.

309 172 354 207 72
1081 163 1156 196 No.
1179 173 1227 206 59
1657 159 1730 214 [11.
1754 164 1858 199 Nov.
1895 175 1990 210 1504

307 309 379 336 me
419 295 632 336 inveniet.
676 295 914 336 Caeterum
955 293 1000 335 in
1041 293 1320 349 praescripta
1354 295 1699 350 congregatione
1724 295 1795 336 Vra
1840 295 1994 337 Domi-

306 365 434 407 natio
464 366 677 406 interesse
707 364 832 413 velit,
864 364 971 418 quia
1001 364 1189 406 absente
1213 365 1288 406 Vra
1309 366 1647 415 Dominatione,
1681 366 1743 408 nil
1784 366 1995 408 determi-

307 450 415 477 nare
445 435 723 490 poterimus;
756 439 841 476 etc.

451 507 624 547 Datum
651 505 696 546 in
723 505 915 560 Gergyo‚
944 505 1171 548 dominica
1196 511 1299 562 post
1326 508 1475 549 Lucae
1502 507 1834 563 Evangelistae.
1862 507 1995 549 Anno

307 576 489 618 Domini
516 575 750 618 Millesimo
778 576 1140 631 quingentesimo
1166 582 1343 633 quarto.
2032 593 2048 619 5

1517 648 1721 691 Andreas
1766 649 1907 690 Lazar

1438 720 1636 762 famulus
1655 721 1843 762 Vestrae
1864 720 1916 762 G.
1940 720 1995 761 D.

437 805 463 846 I
466 807 670 847 ntitulatz‘o
689 819 702 846 .·
724 808 950 858 Magnifico
969 808 1141 848 domino
1158 809 1345 859 Johanni
1365 810 1564 862 Tarczay,
1586 810 1731 849 comiti
1748 809 1995 849 Siculorum.

306 866 490 905 Domino
524 871 670 906 nostro
703 868 900 918 gratioso.

711 953 937 998 (Originale.
971 954 1191 988 Archivum
1222 954 1399 989 civitatis
1431 955 1600 1000 Bartfa.)
2016 970 2051 997 10

1116 1107 1183 1149 59.

737 1217 1014 1272 Nagyenyed,
1048 1230 1116 1259 ΙΙ.
1150 1218 1405 1260 Novembris
1437 1230 1564 1272 1504.

303 1306 450 1345 Comes
484 1306 634 1345 Petrus
663 1306 966 1357 Szentgyorgyi
997 1307 1181 1345 vaivoda
1214 1307 1528 1358 Transylvanus
1573 1307 1760 1360 capitulo
1804 1307 2000 1346 ecclesiae

869 1366 1062 1405 Albensis
1092 1366 1419 1418 Transylvanae.

452 1466 722 1507 [Mandatum
763 1466 1040 1507 statzttorz'zmz
1072 1471 1204 1522 super
1248 1467 1424 1508 Vesszb‘s
1465 1471 1542 1522 pro
1583 1471 1705 1522 parte
1746 1466 1925 1508 Nicolai
1966 1469 2002 1506 et
2017 1478 2052 1505 15

308 1536 456 1578 Blasii
485 1537 679 1585 Betlclen,
708 1551 803 1578 cum
833 1537 1168 1579 contradictione
1197 1538 1375 1593 Bogdan
1402 1538 1604 1579 vaivodae
1630 1537 1686 1578 M
1691 1537 1899 1579 oldavzssae.

452 1644 573 1686 Petit
601 1644 867 1699 capitulum,
890 1649 941 1685 ut
967 1645 1182 1699 Egregios
1203 1645 1443 1686 Nicolaum
1471 1645 1615 1686 filium
1642 1644 1836 1686 condam
1864 1642 2003 1684 Marci

307 1714 387 1756 filii
416 1715 590 1756 Nicolai
611 1715 691 1756 filii
709 1715 933 1769 Johannis
961 1715 1041 1756 filii
1069 1716 1175 1757 olim
1199 1716 1399 1770 Gregorii
1426 1716 1482 1758 de
1496 1715 1690 1757 Bethlen
1718 1729 1770 1756 ac
1798 1714 1999 1756 Blasium

308 1785 452 1827 filium
472 1786 666 1828 condam
693 1786 894 1841 Gregorii
914 1786 995 1828 filii
1014 1787 1203 1828 Antonii
1222 1787 1303 1828 filii
1330 1786 1522 1842 praefati
1556 1786 1750 1828 condam
1778 1784 2002 1840 Johannis

308 1857 387 1898 filii
410 1856 519 1898 dicti
539 1857 646 1899 olim
666 1857 867 1912 Gregorii
887 1858 942 1899 de
962 1857 1086 1900 dicta
1106 1858 1299 1899 Bethlen
1319 1857 1365 1898 in
1385 1857 1637 1899 dominium
1657 1856 1812 1898 totalis
1831 1869 2003 1911 posses·
2018 1870 2054 1896 ρο

307 1928 443 1969 sionis
463 1928 687 1970 Wezzews
706 1933 899 1970 vocatae
918 1929 963 1970 in
984 1929 1207 1970 comitatu
1227 1928 1282 1970 de
1303 1928 1529 1984 Kykellev
1548 1927 1786 1970 existentis
1804 1926 2003 1974 habitae,

308 1999 426 2054 ipsos
435 1999 856 2055 exponentestitulo
864 1999 1061 2054 pignoris
1076 1999 1386 2041 concernentis
1400 1998 1627 2041 introduci
1641 2003 1685 2040 et
1701 1997 2004 2040 statuifaeiat.

452 2071 627 2112 Datum
656 2071 701 2112 in
731 2070 899 2126 oppido
929 2071 1105 2126 Enyed,
1136 2071 1181 2112 in
1211 2070 1327 2112 festo
1356 2070 1489 2112 Beati
1519 2069 1704 2111 Martini
1733 2068 1933 2124 episcopi
1962 2072 2007 2110 et

309 2141 587 2184 confessoris.
624 2142 759 2183 Anno
793 2141 978 2183 Domini
1012 2141 1248 2183 Millesimo
1283 2140 1646 2196 quingentesimo
1680 2144 1858 2194 quarto.

555 2248 781 2293 (Originale.
810 2248 1004 2293 Orszagos
1030 2247 1228 2288 Leveltar‚
1258 2247 1478 2292 Budapest.
1506 2246 1570 2280 Dl.
1600 2246 1753 2290 29909.)
2020 2260 2056 2287 25

453 2356 716 2411 Exequutio
742 2356 866 2397 facta
890 2360 958 2397 est
984 2355 1095 2397 feria
1120 2355 1257 2397 tertia
1280 2354 1489 2410 proxima
1513 2359 1616 2410 post
1642 2353 1810 2395 festum
1835 2353 2007 2394 Beatae

309 2426 589 2469 Katherinae
624 2427 819 2482 Virginis
853 2431 898 2468 et
933 2426 1148 2482 martyris
1182 2426 1385 2481 proxime
1420 2425 1717 2481 praeteritum
1752 2423 1811 2465 ad
1845 2423 2006 2466 faciem

307 2497 610 2552 praescriptae
654 2497 945 2553 possessionis
987 2497 1222 2545 Wezzews,
1256 2496 1335 2538 ubi
1377 2496 1504 2551 agilis
1546 2495 1737 2537 Michael
1780 2495 2004 2550 Meggyes,

306 2568 679 2611 vicecastellanus
723 2569 779 2610 de
820 2568 1108 2624 Kykellewar
1152 2582 1204 2610 ac
1249 2567 1466 2623 providus
1511 2567 1726 2609 Nicolaus
1770 2565 1915 2607 Gereb
1960 2564 2005 2605 in

306 2639 466 2681 eadem
498 2640 722 2682 Wezzews
755 2652 1054 2688 commorans,
1090 2639 1135 2680 in
1168 2652 1360 2694 persona
1389 2637 1659 2693 Spectabilis
1691 2651 1744 2678 ac
1776 2635 2006 2690 Magnifici
2021 2650 2056 2676 30

307 2709 479 2752 domini
513 2711 703 2765 Bogdan
736 2710 987 2766 vaywodae
1020 2709 1341 2752 Moldaviensis
1374 2709 1646 2764 praemissae
1679 2706 2006 2748 introductioni

306 2784 352 2820 et
386 2781 629 2823 statutioni
663 2780 1036 2823 contradictionis
1068 2780 1293 2822 velamine
1326 2779 1601 2827 obviassent,
1638 2778 1695 2819 ob
1729 2790 1868 2831 quam
1901 2790 2005 2818 con-

307 2851 627 2893 tradictionem
652 2850 1002 2894 introductionis
1028 2851 1147 2893 idem
1173 2851 1310 2892 homo
1336 2849 1602 2898 vaivodalis‚
1626 2851 1861 2903 praesente
1881 2846 2005 2888 dicto

311 2921 573 2963 testimonio
624 2922 791 2964 ibidem
843 2921 1001 2964 eodem
1052 2921 1124 2963 die
1174 2925 1477 2962 memoratum
1528 2918 1763 2961 dominum
1815 2918 2005 2972 Bogdan

120 3010 168 3037 14.
198 3000 264 3038 Jan.
311 2993 582 3045 Vaywodam
610 2997 768 3034 contra
795 2997 1041 3034 annotatos
1068 2996 1346 3047 exponentes
1373 2991 1431 3032 ad
1459 2995 1646 3032 octavas
1673 2987 1778 3029 festi
1805 2988 2005 3043 Epipha-
2018 3003 2055 3029 35

314 3060 493 3103 niarum
518 3062 701 3103 Domini
726 3076 846 3105 nunc
871 3067 1089 3104 venturas
1110 3096 1117 3104 .
1143 3096 1150 3103 .
1176 3096 1183 3103 .
1205 3065 1451 3103 evocasset.
