2209 3643
198 211 257 242 29.
279 202 389 246 Junii
414 195 523 249 1524]
986 198 1060 232 No.
1083 199 1131 238 96
1826 201 1893 236 131

195 330 369 372 subditi
393 329 548 371 Turcis
572 328 720 370 effecti
745 328 849 369 sint.
876 328 1095 382 Tempore
1120 340 1225 368 vero
1251 325 1520 381 procedente
1545 325 1793 366 Turcarum
1817 337 1895 365 rex

200 402 471 456 Belgradum
517 399 653 455 capit.
702 400 971 448 Basarabas,
1002 398 1303 440 Valachorum
1349 396 1555 452 princeps
1603 396 1753 451 (quern
1798 408 1892 449 ego,

195 472 307 514 dum
328 472 450 527 apud
471 472 509 513 V
512 471 693 512 alachos
713 484 904 525 agerem,
927 470 1159 525 privatum
1179 469 1301 522 novi)
1325 468 1479 510 relicto
1500 471 1601 522 post
1621 480 1667 508 se
1687 466 1894 521 septenni

200 543 310 584 filio2
344 543 552 584 moritur.
592 542 709 583 Huic
744 542 890 583 Turca
925 541 1230 596 principatum
1266 540 1425 587 defert,
1463 543 1651 587 tutores,
1689 537 1767 592 qui
1801 551 1895 579 rem

165 614 569 656 mdministrarent
611 613 779 654 Turcas
820 612 972 668 quoad
1013 626 1122 667 puer
1162 612 1220 653 ad
1261 615 1460 653 aetatem
1502 608 1799 664 praeveniret,
1842 622 1893 650 eo

198 685 350 727 animo
386 684 600 733 instituit,
638 684 821 732 scilicet,
860 688 909 725 ut
946 683 1133 724 Valachi
1169 683 1324 725 Turcis
1360 680 1636 737 principibus
1673 679 1894 734 paulatim

199 760 503 798 assuescerent
526 769 535 805 ;
554 754 794 797 induxerat
812 754 857 796 in
874 754 1075 796 animum
1092 754 1176 796 hac
1193 753 1425 796 occasione
1441 752 1597 793 oblata
1613 750 1894 806 provinciam

198 827 378 882 penitus
404 840 637 881 occupare,
664 840 770 868 narn
795 830 840 868 et
866 825 969 867 inde
994 825 1258 867 facillimum
1284 824 1329 866 in
1353 824 1573 878 Ungaros,
1601 822 1766 877 quibus
1790 836 1894 863 curn

197 899 365 941 bellum
391 912 540 954 gerere
566 903 790 952 coeperat,
818 897 1063 940 transitum
1090 896 1407 952 prospiciebat,
1434 898 1479 936 et
1505 908 1560 936 ex
1585 893 1831 948 provincia,
1858 892 1895 934 si

142 984 178 1010 10
198 983 276 1024 per
314 970 484 1012 Turcas
524 982 575 1011 eo
616 969 766 1018 modo,
809 983 900 1025 quo
941 972 1144 1011 caeterae
1185 969 1509 1023 praefecturae,
1550 965 1891 1019 gubernaretur,

198 1040 298 1095 plus
322 1041 537 1084 utilitatis
560 1045 847 1094 recepturum
872 1040 1195 1083 arbitrabatur.
1222 1040 1283 1081 At
1307 1038 1495 1081 Valachi
1518 1049 1663 1090 neque
1688 1049 1892 1091 puerum,

197 1126 343 1168 neque
382 1113 551 1155 Turcas
590 1118 869 1166 receperunt,
911 1113 989 1154 sed
1030 1112 1074 1152 in
1113 1111 1340 1153 demortui
1379 1110 1527 1152 locurn
1567 1107 1654 1148 alio
1694 1106 1894 1162 principe

195 1184 388 1227 suffecto
421 1189 622 1226 oratores
655 1183 714 1224 ad
746 1184 940 1227 Turcam
974 1183 1182 1231 mittunt,
1216 1186 1393 1237 rogant,
1427 1178 1676 1236 principem
1710 1192 1788 1233 per
1820 1191 1894 1219 eos

198 1256 392 1298 electum
433 1256 735 1303 confirmaret,
778 1269 968 1310 puerum
1009 1259 1161 1297 aetate
1201 1253 1407 1295 inutilem
1447 1257 1492 1294 et
1533 1254 1666 1292 tanto
1706 1248 1893 1304 imperio

141 1339 180 1365 45
198 1326 393 1381 regendo
416 1328 601 1369 minime
624 1326 837 1369 idoneum
862 1326 1130 1383 persuadere
1153 1329 1376 1367 conantur
1396 1337 1405 1373 ;
1431 1327 1663 1379 praeterea
1685 1334 1776 1362 non
1799 1334 1894 1362 esse

197 1399 282 1440 hoc
307 1399 473 1440 veteris
499 1398 713 1447 instituti,
741 1402 792 1439 ut
818 1398 974 1440 Turcis
999 1396 1232 1452 provincia
1257 1395 1454 1444 daretur,
1481 1407 1627 1449 neque
1652 1393 1736 1433 hoc
1761 1391 1894 1433 Vala-

198 1470 304 1511 chos
349 1483 553 1524 unquam
599 1482 809 1524 passuros
856 1470 1100 1511 affirmant.
1149 1466 1455 1523 Quamobrem
1500 1465 1704 1507 irritatus
1747 1463 1894 1504 Turca

196 1546 413 1589 oratores,
443 1545 603 1582 contra
630 1540 711 1590 ius,
741 1541 898 1595 fasque
925 1540 1129 1596 gentium
1156 1538 1357 1592 iugulare
1384 1537 1527 1586 iussit,
1557 1533 1744 1578 caeteris
1770 1547 1891 1582 verO,

199 1612 276 1667 qui
310 1625 413 1653 curn
447 1612 510 1654 eis
544 1617 779 1662 venerant,
814 1612 999 1654 naribus
1034 1609 1244 1666 praecisis
1278 1609 1464 1650 domurn
1498 1607 1641 1649 redire
1674 1605 1890 1661 permisit.

134 1694 179 1720 Ν20
200 1683 445 1725 Praefectis
489 1688 723 1738 praeterea
767 1683 1010 1738 Nicopolis,
1041 1681 1216 1730 Bedini,
1263 1686 1401 1735 atque
1446 1678 1663 1721 Cilistriae
1706 1690 1894 1718 manum

199 1754 535 1809 praedatoriam
574 1754 801 1810 colligant,
842 1754 1048 1809 imperat,
1088 1752 1443 1806 Valachiamque
1481 1753 1678 1791 vastent.
1719 1747 1894 1803 Quibus

199 1826 422 1881 perceptis
459 1826 648 1868 Valachi
681 1828 909 1881 Joannem
947 1825 1159 1866 comitem
1195 1822 1554 1878 Scepusiensem3
1590 1834 1645 1862 ex
1682 1818 1892 1873 Transyl-

198 1897 336 1938 Vania
356 1902 605 1947 accersunt,
627 1897 731 1940 huic
751 1911 796 1939 se
816 1910 986 1951 suaque
1007 1896 1158 1937 omnia
1177 1894 1464 1950 permittunt,
1486 1892 1638 1947 palam
1658 1890 1716 1932 ab
1735 1889 1891 1931 Turcis

199 1968 469 2010 deficientes.
503 1969 582 2010 Ille
610 1983 716 2010 vero
745 1968 888 2009 milite
916 1967 1141 2009 conducto
1169 1965 1433 2007 Valachiam
1462 1962 1602 2011 venit,
1631 1962 1890 2015 Turcasque

135 2049 178 2075 -25
199 2043 412 2094 parantes
454 2039 681 2095 regionem
724 2044 905 2081 vastare
948 2038 1169 2093 prohibet.
1216 2035 1362 2092 Quod,
1398 2034 1476 2076 ubi
1508 2033 1600 2088 regi
1641 2033 1890 2074 Turcarum

198 2110 462 2152 nuntiatum
502 2115 584 2159 est,
626 2111 797 2152 veritus
835 2124 890 2151 ne
939 2108 1219 2164 provinciam
1265 2111 1537 2162 occuparent
1582 2103 1779 2158 Ungari;
1835 2102 1890 2143 de

199 2195 308 2235 pace
353 2196 456 2223 cum
501 2182 726 2230 Valachis,
782 2180 1024 2237 propositis
1079 2178 1280 2233 antiquis
1339 2175 1688 2224 conditionibus,
1741 2173 1890 2228 coepit

199 2265 341 2306 agere.
385 2253 516 2294 Hanc
556 2252 746 2295 Valachi
786 2254 999 2294 hortante
1037 2250 1202 2292 comite
1257 2248 1514 2303 (verebatur
1558 2246 1679 2288 enirn
1723 2244 1890 2286 mobile

198 2323 345 2377 gentis
378 2323 623 2378 ingenium,
658 2328 704 2365 et
738 2336 914 2378 semper
947 2322 992 2363 in
1026 2320 1328 2376 proditionem
1362 2321 1587 2374 spectans)
1619 2316 1890 2372 perlibenter

139 2403 179 2429 20
198 2398 522 2449 susceperunt;
564 2394 724 2436 foedus
765 2394 931 2436 initum
972 2397 1053 2441 est,
1096 2396 1147 2433 ut
1177 2391 1426 2432 Turcarum
1472 2403 1550 2431 rex
1591 2388 1787 2442 aliquem
1834 2400 1890 2427 ex

198 2464 422 2514 Valachis,
472 2479 584 2520 quos
620 2479 756 2521 penes
803 2479 849 2507 se
885 2464 1071 2506 haberet
1107 2462 1355 2518 principem
1390 2460 1661 2507 institueret,
1702 2457 1889 2499 Valachi

198 2548 250 2576 eo
294 2535 430 2577 modo
474 2550 564 2591 quo
608 2537 731 2591 prius
775 2535 971 2590 vectigal
1021 2533 1282 2589 penderent,
1340 2535 1385 2573 et
1441 2530 1477 2572 si
1532 2530 1577 2571 in
1633 2527 1889 2584 praeteritis

198 2606 496 2661 vectigalibus
541 2607 786 2663 quicquam
831 2620 922 2648 non
967 2605 1210 2652 dedissent,
1257 2602 1535 2650 resarcirent,
1582 2599 1738 2642 Turcis
1782 2612 1888 2640 vero

199 2677 402 2731 posthac,
442 2683 620 2732 praeter
657 2678 759 2727 ista,
799 2678 923 2720 nulla
961 2680 1163 2732 potestas
1201 2674 1246 2715 in
1285 2672 1517 2729 provincia
1554 2675 1684 2713 esset.
1727 2669 1786 2711 Iis
1824 2669 1890 2710 ita

136 2756 180 2782 235
199 2748 458 2803 compositis
486 2749 757 2790 voievodam
785 2749 842 2790 ab
870 2748 1016 2790 Turca
1042 2746 1229 2788 missum
1256 2743 1521 2799 suscipiunt,
1552 2755 1700 2784 comes
1725 2740 1889 2795 Scepu—

198 2818 353 2860 siensis
372 2819 430 2860 ad
447 2832 529 2861 sua
545 2819 675 2861 redit.
693 2819 781 2861 Sed
797 2832 972 2874 semper
989 2816 1214 2873 praesenti
1231 2820 1357 2857 statu
1374 2813 1562 2855 Valachi
1578 2826 1669 2854 non
1686 2811 1889 2853 contenti

199 2888 392 2930 alterum
415 2895 653 2944 quaerunt,
677 2904 784 2932 nam
811 2889 998 2945 expulso
1026 2888 1082 2930 ob
1103 2901 1203 2942 rege
1224 2887 1472 2928 Turcarum
1494 2882 1717 2926 voievoda
1736 2883 1886 2930 misso,

200 2959 244 3000 in
262 2959 410 3001 locum
429 2960 523 3001 eius
541 2961 679 3002 alium
697 2961 943 3002 sufficiunt.
965 2958 1096 3014 Quod
1114 2957 1323 3013 quamvis
1340 2956 1538 3011 graviter
1554 2955 1700 2996 Turca
1717 2952 1886 3001 tulerit,

348 3117 362 3139 '2
391 3120 493 3154 Vlad
518 3120 770 3165 (Vladislaus)
796 3121 863 3154 IV.
887 3119 1045 3153 nomine
1066 3129 1074 3158 ;
1098 3117 1279 3162 regnavit
1303 3117 1562 3162 1482—1495.

134 3191 182 3216 -40
347 3178 361 3199 ³
391 3179 438 3212 In
471 3179 672 3224 originali:
708 3179 990 3224 Seposiensem.
