2209 3643
212 200 271 225 22.
295 190 388 237 Apr.
415 185 524 240 1536]
908 191 982 226 No.
1007 192 1212 234 218—219
1837 195 1908 237 263

1013 344 1111 385 218.

740 453 904 501 Kassa,
939 465 1005 494 22.
1044 454 1219 509 Aprilis
1252 455 1380 507 1536.

450 543 614 582 Marcus
650 542 916 592 Pemfflinger
938 543 1202 583 Ferdinando
1240 545 1270 583 I.
1309 545 1392 595 regi
1430 545 1681 595 Hungariae.

358 641 447 683 Iter
476 641 752 683 Baltlzasarz's
781 642 946 695 Ba'nffv
972 643 1028 683 ad
1054 643 1279 684 vaivodam
1308 643 1363 684 M
1367 643 1572 685 oldai-iae.

181 769 198 796 5
358 749 426 790 De
459 749 533 790 ΜΥΘ
555 749 626 789 Vra
660 748 856 803 primum
891 749 1071 790 veniam
1101 754 1144 791 et
1167 750 1361 804 gratiam
1384 755 1491 805 peto
1525 750 1805 806 imploroque
1833 764 1912 793 cur

211 820 432 861 hactenus
452 813 518 861 Mti
553 820 643 861 Vrae
666 833 756 860 non
790 819 1040 874 scripserim
1075 825 1119 862 et
1152 825 1325 862 statum
1346 821 1630 877 negotiorum
1651 826 1909 863 nostrorum

210 904 301 933 non
345 890 606 932 detexerim.
643 890 788 932 Causa
824 891 934 932 haec
967 895 1049 940 est,
1083 905 1185 932 cum
1218 892 1275 933 ad
1308 898 1459 947 partes
1491 892 1601 934 istas
1632 892 1911 934 venissemus

210 975 314 1004 cum
335 961 519 1004 domino
541 961 724 1016 Banffy,
747 961 896 1003 visum
919 975 1060 1016 aeque
1082 963 1339 1004 consultum
1360 963 1490 1005 nobis
1511 963 1613 1012 fuit,
1636 968 1687 1005 ut
1709 963 1909 1005 Moldavi

210 1033 414 1075 animum
444 1032 647 1088 apertius
676 1037 721 1074 et
752 1046 806 1074 ex
837 1033 1139 1075 fundamento
1169 1034 1532 1089 intelligeremus,
1575 1048 1630 1076 ne
1660 1034 1907 1088 negotium,

155 1123 190 1150 10
209 1103 332 1160 quod
352 1108 460 1146 ante
478 1117 561 1145 nos
580 1107 664 1152 est,
686 1117 778 1145 una
796 1104 1033 1146 nobiscum
1053 1104 1362 1159 periclitantes
1381 1105 1567 1161 placuit,
1590 1119 1680 1160 quo
1699 1105 1923 1147 dominus*

207 1174 376 1231 Banffy
403 1175 448 1216 in
475 1174 659 1230 propria
685 1188 878 1230 persona
905 1175 963 1216 ad
989 1176 1255 1217 Moldavum
1281 1177 1652 1231 proficisceretur,
1680 1181 1731 1218 ut
1760 1175 1909 1217 affinis

207 1245 451 1302 omniaque
466 1250 511 1288 et
526 1246 703 1300 singula
718 1246 776 1287 ab
791 1259 843 1288 eo
858 1246 1111 1301 expiscaret
1139 1246 1512 1302 intelligeretque‚
1543 1261 1632 1302 quo
1659 1251 1794 1303 pacto
1815 1260 1907 1288 rem

206 1317 352 1372 ipsam
386 1317 743 1372 aggrederemur.
783 1318 971 1372 Iamque
1006 1317 1177 1372 integer
1211 1318 1376 1359 mensis
1411 1332 1513 1360 cum
1547 1318 1692 1360 alieno
1720 1317 1908 1360 dimidio

206 1388 399 1444 elapsus,
436 1402 527 1443 quo
561 1387 730 1443 Banffy
765 1388 888 1443 apud
923 1388 1187 1431 Moldavum
1223 1389 1329 1443 agit.
1368 1390 1602 1431 Hactenus
1637 1393 1792 1431 tamen
1826 1402 1908 1430 nec

152 1477 187 1503 15
205 1459 405 1509 nuntios,
427 1473 509 1501 nec
531 1458 721 1508 litteras,
744 1472 826 1501 nec
847 1459 1062 1501 intimata
1082 1460 1265 1515 quidem
1287 1460 1346 1501 ab
1367 1461 1428 1502 eis
1448 1460 1614 1502 habere
1635 1460 1778 1515 potui.
1801 1459 1902 1501 Misi

205 1535 297 1572 tres
321 1530 565 1572 servitores
589 1543 713 1572 meos
728 1544 831 1572 cum
846 1530 1010 1572 litteris
1036 1531 1094 1572 ad
1119 1545 1237 1580 eum,
1264 1544 1345 1573 nec
1371 1531 1548 1573 illorum
1574 1531 1736 1586 aliquis
1760 1544 1906 1572 rever-

205 1615 281 1643 sus
314 1605 396 1643 est.
431 1600 594 1643 Nescio
626 1601 671 1642 in
704 1614 842 1656 quam
875 1606 1054 1657 partem
1086 1602 1376 1657 interpretari
1409 1602 1613 1651 debeam,
1648 1616 1751 1644 cum
1784 1607 1908 1644 certo

205 1672 360 1722 sciam,
387 1672 622 1714 dominum
648 1672 817 1728 Banffy
852 1672 941 1714 illic
976 1686 1153 1715 esse...
1199 1673 1547 1728 Quamprimum
1590 1678 1746 1715 tamen
1786 1686 1908 1714 nun-

205 1743 322 1785 tium
366 1743 438 1785 vel
476 1743 652 1785 litteras
692 1756 747 1784 ex
788 1743 1018 1785 Moldavia
1060 1744 1275 1793 habuero,
1320 1744 1412 1785 sine
1467 1757 1592 1785 mora
1646 1743 1748 1785 Mtem
1789 1744 1891 1785 Vram

151 1831 187 1858 20
207 1814 444 1856 certiorem
477 1814 665 1855 reddam
685 1827 693 1864 ;
728 1818 814 1855 etc.

353 1884 611 1935 Cassoviae,
639 1897 708 1927 22.
736 1884 904 1941 Aprilis
932 1885 1057 1938 1536.

353 1979 580 2023 (Originale.
596 1979 883 2019 Staatsarchiv,
901 1979 1027 2012 Wien.
1045 1979 1289 2024 Hungarica.
1309 1979 1471 2014 Edidit:
1502 1979 1649 2014 Archiv
1677 1981 1746 2014 des
1771 1980 1906 2014 Verei-

207 2049 279 2073 nes
299 2038 363 2072 fiir
392 2038 740 2083 siebenbiirgische
776 2038 1070 2073 Landeskunde
1098 2038 1177 2072 vol.
1212 2049 1272 2081 29.
1304 2049 1394 2084 pag.
1427 2039 1530 2083 589.)

1014 2191 1110 2233 219.

155 2316 190 2340 25
705 2300 937 2349 Kesma‘rk,
971 2312 1039 2353 23.
1076 2301 1113 2342 A
1122 2301 1254 2356 pribis
1286 2303 1414 2354 1536.

208 2390 496 2442 Hieronymus
524 2389 650 2432 [aski
686 2389 899 2442 palatinus
919 2390 1163 2429 Siradiensis
1188 2391 1453 2429 Ferdinando
1478 2391 1510 2429 I.
1536 2391 1620 2442 regi
1649 2392 1903 2443 Hungariae.

352 2491 527 2546 Legatio
552 2492 827 2533 Balthasarzfs
852 2492 1019 2546 Ba‘nffy
1043 2492 1089 2533 in
1111 2492 1167 2533 M
1171 2493 1400 2534 oldavmm.
1423 2493 1632 2535 Rumores
1654 2494 1705 2534 de
1727 2494 1911 2535 vaivoda

209 2566 246 2603 et
266 2562 318 2603 de
340 2566 561 2617 apparatu
587 2563 831 2604 Turcarmn
853 2563 1057 2604 adversus
1079 2577 1189 2604 eum.

354 2667 603 2710 Dominum
623 2668 868 2711 Balthasar
894 2668 1066 2723 Banffy
1086 2683 1164 2724 per
1185 2669 1421 2711 Poloniam
1437 2670 1495 2711 ad
1509 2670 1774 2712 Moldavum
1803 2684 1905 2712 cum

155 2751 194 2776 30
209 2738 320 2780 meis
359 2738 604 2789 transmisi,
645 2753 737 2781 non
776 2739 959 2781 videtur
997 2743 1152 2781 tamen
1192 2740 1335 2781 nostri
1374 2741 1582 2782 futurum
1652 2741 1762 2782 illud
1814 2742 1904 2782 Vsa?

207 2809 408 2851 Sacramae
432 2803 500 2851 Mti
537 2810 803 2865 proficuum,
840 2823 947 2851 nam
983 2810 1222 2852 Moldavus
1246 2825 1349 2853 cum
1374 2812 1466 2853 suis
1488 2825 1579 2853 non
1604 2815 1671 2853 est
1696 2812 1832 2861 tanti,
1856 2816 1908 2853 ut

209 2879 486 2922 munitiones
499 2880 845 2923 Transsilvanas
859 2895 1118 2936 expugnare
1139 2886 1305 2936 posset,
1328 2882 1418 2924 Vrae
1453 2887 1607 2924 autem
1642 2882 1906 2925 Celsitudini

210 2950 371 3000 oberit,
388 2951 425 2992 si
438 2951 825 2994 Transsilvaniam
850 2952 1074 2994 exercitus
1088 2952 1312 3007 ingressus
1326 2953 1678 3008 depraedabitur
1703 2967 1754 2995 ac
1779 2954 1904 2995 deso-

210 3021 324 3063 labit
347 3021 485 3072 illam‚
509 3023 631 3065 unde
653 3022 750 3065 illos
764 3023 985 3072 subditos,
1003 3037 1115 3078 quos
1130 3023 1191 3064 ibi
1212 3023 1366 3073 habet,
1383 3028 1577 3066 secretos
1599 3028 1644 3066 et
1666 3024 1711 3066 in
1726 3038 1905 3066 summa

160 3103 194 3129 35
211 3092 551 3147 exspectatione
578 3093 868 3142 constitutos,
885 3107 964 3149 per
989 3094 1107 3136 hanc
1134 3094 1412 3136 Moldaviam
1427 3095 1717 3150 tyrannidem
1739 3095 1902 3137 aliena-

210 3162 278 3204 bit
304 3163 486 3218 penitus
512 3178 539 3206 a
564 3177 610 3206 se
647 3165 721 3206 Vra
757 3164 882 3206 Serma
921 3164 1162 3207 Celsitudo.
1204 3165 1429 3221 Quicquid
1455 3170 1555 3208 tum
1581 3166 1676 3221 ipse
1702 3165 1903 3209 intellexi
