2209 3643
208 217 265 242 12.
288 206 390 242 Nov.
417 200 526 255 1540]
898 205 972 241 No.
996 208 1198 250 262—263
1826 214 1898 249 303

207 339 334 394 Quae
358 352 460 381 cum
484 338 625 380 totius
649 337 995 380 christianitatis
1020 352 1070 380 ac
1095 343 1302 380 nostrum
1338 338 1541 380 omniurn
1576 337 1772 380 salutern
1797 349 1900 378 con—

207 410 601 464 servationemque
642 413 929 458 concernant,
973 414 1017 451 te
1058 410 1246 464 proinde
1287 409 1483 464 gratiose
1524 409 1805 464 requirimus,
1849 411 1900 449 ut

209 481 377 522 eisdem
411 481 591 535 plenam
625 484 670 521 et
705 479 1015 521 indubitatam
1051 481 1185 522 fidem
1221 481 1265 522 in
1301 481 1366 529 iis,
1403 494 1519 535 quae
1553 479 1701 522 verbis
1735 478 1902 521 nostris

209 556 452 607 exponent,
469 550 680 592 adhibere
695 551 848 605 sicque
862 551 1100 606 superinde
1115 557 1160 593 te
1173 565 1322 606 gerere
1345 552 1468 600 velis,
1486 555 1619 606 prout
1644 551 1688 592 in
1705 555 1750 592 te
1772 549 1902 605 plene

174 632 192 658 5
211 622 490 664 confidimus.
516 622 583 671 Id,
611 621 733 676 quod
755 635 859 676 erga
889 626 935 664 te
966 622 1178 677 singulari
1208 623 1354 677 gratia
1386 622 1714 677 clementiaque
1745 625 1902 663 nostra

210 706 589 748 recognoscemus.

356 765 529 805 Datum
557 763 602 805 in
630 767 786 805 nostra
814 763 1001 806 civitate
1029 778 1162 813 nova,
1193 764 1264 806 die
1295 777 1360 818 14.
1392 763 1604 806 Octobris
1635 774 1757 817 1540.

356 835 454 877 NB.
490 835 543 876 In
576 834 710 876 simili
744 835 804 876 ad
836 835 1083 876 vaivodam
1115 835 1550 890 Transalpinensem.

353 926 603 972 (Conceptus.
623 926 910 966 Staatsarchiv,
929 926 1053 960 Wien.
1076 926 1317 971 Hungarica.
1339 925 1479 961 Edidit
1496 924 1686 970 Szilagyi:
1710 924 1904 972 Nadasdy

155 998 190 1025 10
207 985 287 1020 elso
314 985 528 1030 kovetsege
554 996 644 1032 pag.
674 986 749 1030 23.)

1003 1081 1103 1123 262.

619 1180 1005 1229 Wienerneustadt,
1040 1192 1106 1222 12.
1140 1180 1395 1223 Novembris
1428 1191 1552 1233 1540.

338 1270 629 1309 Ferdinandus
651 1270 683 1309 Ι.
707 1283 779 1308 rex
802 1269 1043 1321 Hungariae
1061 1270 1277 1322 Stephano
1298 1270 1505 1309 vaivodae
1527 1268 1776 1308 Moldaviae.

358 1371 544 1412 Litterae
575 1371 852 1413 credentiales
884 1371 1038 1413 nuntio
1071 1371 1127 1412 ad
1165 1385 1262 1412 eum
1294 1371 1439 1413 missa

158 1495 194 1521 15
355 1478 623 1533 Spectabilis
656 1483 699 1520 et
734 1478 968 1532 Magnifice
1000 1478 1142 1519 fidelis
1175 1478 1347 1520 dilecte.

358 1549 626 1604 Accepimus
654 1549 829 1590 litteras
848 1553 964 1598 tuas,
995 1549 1128 1590 simul
1156 1553 1200 1590 et
1230 1563 1296 1599 ea,
1318 1562 1434 1603 quae
1454 1548 1584 1590 nobis
1613 1561 1692 1603 per
1719 1546 1906 1589 servito-

213 1634 307 1662 rem
336 1624 469 1662 tuum
497 1619 736 1669 nuntiasti,
767 1620 1057 1675 perclementi
1085 1624 1130 1661 et
1160 1624 1289 1674 grato
1318 1619 1567 1661 admodum
1596 1617 1748 1659 animo
1778 1617 1906 1659 intel-

213 1691 419 1741 leximus,
461 1705 595 1746 super
635 1691 800 1745 quibus
840 1704 1104 1746 responsum
1145 1695 1351 1732 nostrum
1392 1690 1537 1732 eidem
1578 1689 1785 1731 servitori
1826 1693 1907 1730 tuo

215 1766 425 1804 oretenus
448 1776 475 1803 a
498 1762 629 1803 nobis
653 1762 813 1803 datum
830 1775 981 1803 coram
1005 1761 1062 1803 ab
1087 1775 1138 1803 eo
1162 1762 1392 1816 percipies,
1418 1761 1490 1803 cui
1513 1761 1648 1803 fidem
1672 1759 1907 1801 indubiam

160 1850 198 1876 -20
215 1833 429 1875 adhibere
456 1833 567 1874 velis
588 1846 597 1882 ;
627 1846 733 1874 nam
762 1833 847 1874 tibi
874 1832 1068 1887 gratiam
1096 1837 1141 1874 et
1170 1832 1457 1874 clementiam
1486 1836 1688 1873 nostram
1719 1830 1907 1885 Regiam

215 1904 338 1945 omni
364 1904 462 1946 loco
489 1908 628 1958 atque
655 1908 858 1958 tempore
886 1903 1144 1958 expositum
1171 1903 1265 1945 fore
1292 1917 1373 1958 pro
1400 1908 1524 1944 certo
1551 1903 1728 1944 credere
1756 1901 1904 1943 debes,

360 1975 534 2016 Datum
555 1975 599 2016 in
621 1974 818 2016 Civitate
837 1978 993 2016 nostra
1012 1988 1132 2016 nova
1151 1974 1375 2023 Austriae,
1400 1987 1466 2016 12.
1490 1973 1760 2015 Novembris
1782 1983 1906 2026 1540.

356 2065 381 2103 Ι
383 2065 588 2104 ntitulatio
604 2077 617 2103 .·
641 2063 871 2115 Spectabili
886 2068 927 2102 et
949 2063 1172 2115 Magnifico
1193 2064 1410 2116 Stephano
1424 2063 1656 2115 wayvodae
1671 2061 1910 2102 Moldaviae

215 2129 295 2163 etc.
325 2123 458 2163 Fideli
484 2124 606 2163 nobis
633 2123 801 2162 dilecto.

158 2228 198 2254 25
563 2208 814 2254 (Conceptus.
848 2206 1136 2247 Staatsarchiv,
1171 2207 1296 2242 Wien.
1331 2206 1589 2252 Hungarica.)

994 2361 1091 2403 263.

630 2472 1017 2520 Wienernezcstadt,
1052 2482 1120 2512 21.
1154 2470 1398 2512 Decembris
1431 2482 1556 2524 1540.

509 2562 802 2602 Ferdinandus
818 2562 850 2600 I.
869 2574 941 2600 rex
958 2560 1202 2611 Hungariae
1216 2560 1409 2599 Emerico
1424 2559 1612 2599 Balassa.

365 2662 584 2705 Vaivodas
624 2662 729 2704 bono
769 2661 918 2703 animo
957 2674 1046 2702 esse
1084 2664 1243 2709 curent,
1283 2674 1336 2701 ne
1374 2659 1426 2701 ab
1465 2659 1556 2701 illis
1587 2659 1911 2713 Transylvania

159 2747 198 2773 30
215 2733 501 2788 opprimatur.

363 2828 430 2869 De
453 2828 662 2870 waivoda
687 2826 942 2869 Moldaviae
968 2831 1011 2867 et
1037 2825 1402 2879 Transalpinensi
1426 2825 1539 2867 scito
1563 2839 1645 2867 nos
1670 2824 1754 2866 illis
1778 2825 1911 2866 sicuti

220 2898 484 2940 consuluisti
514 2899 682 2940 bonam
712 2897 978 2939 relationem
1009 2896 1194 2945 fecisse;
1227 2900 1367 2937 restat
1399 2910 1533 2945 nunc,
1566 2900 1617 2937 ut
1649 2909 1723 2937 eos
1754 2895 1799 2936 in
1829 2895 1912 2937 tali

219 2983 374 3011 eorum
390 2969 622 3024 proposito
640 2973 685 3011 et
703 2981 926 3024 propensa
944 2980 1047 3022 erga
1064 2980 1145 3008 nos
1162 2966 1401 3008 voluntate
1419 2967 1610 3008 retinere
1627 2979 1912 3021 summopere

218 3039 446 3089 laboretis,
490 3040 568 3089 ita,
612 3044 663 3081 ut
705 3053 761 3081 ne
805 3038 1000 3093 aliquem
1042 3037 1294 3079 tumultum
1336 3042 1494 3079 contra
1535 3036 1913 3092 Transylvaniam

161 3121 198 3148 85
220 3109 366 3151 facere
400 3114 706 3164 praesumant.
746 3110 864 3151 Nam
901 3108 1128 3150 intellecto
1163 3108 1293 3162 plene
1327 3107 1509 3162 negotio
1544 3108 1646 3158 isto,
1683 3108 1912 3163 quomodo

221 3194 324 3222 cum
360 3180 593 3235 regnicolis
629 3184 913 3222 transactum
949 3183 994 3220 et
1032 3178 1292 3220 conclusum
1329 3178 1478 3228 fuerit,
1517 3179 1675 3220 statim
1712 3179 1913 3234 ipsorum
