2209 3643
291 211 339 245 24
1058 199 1132 233 No.
1168 209 1212 233 21
1638 192 1713 251 [25.
1739 199 1847 245 Aug.
1882 202 1983 246 1476

291 330 383 372 suis
406 328 587 384 vigilem
612 332 656 370 et
682 327 925 369 indivisum
951 327 1058 376 iore,
1085 326 1162 381 qui
1186 327 1470 368 solummodo
1494 332 1706 382 expectat
1731 327 1981 382 ingressum

291 404 497 442 nostrum
528 399 586 440 ad
617 396 907 446 Moldaviam,
958 396 1116 438 statim
1159 401 1326 439 terram
1358 398 1507 439 Bozza
1537 398 1757 449 intraret;
1789 399 1868 441 sed
1897 413 1983 441 nos

290 471 350 512 ad
369 469 552 511 insidias
566 482 670 510 suas
689 467 982 517 attendimus,
1004 472 1055 508 ut
1075 471 1186 509 vota
1200 481 1282 510 sua
1300 468 1483 510 minime
1503 468 1742 524 compleat.
1762 469 1836 511 Ad
1853 483 1981 524 prae-

291 553 391 582 sens
414 544 568 581 autern
592 552 747 580 sumus
770 538 842 579 hic
865 538 910 579 in
934 538 1032 593 ipsa
1054 538 1222 580 scilicet
1246 538 1322 580 via
1344 539 1571 588 Bereczki,
1595 553 1675 594 per
1697 553 1836 594 quam
1856 540 1979 582 Sere-

289 611 409 652 nitas
445 610 517 650 Vra
550 608 826 651 Moldaviam
851 608 1117 657 intraverat,
1144 622 1225 664 pro
1249 623 1315 659 eo,
1341 614 1392 651 ut
1418 610 1454 652 si
1478 614 1663 665 repente
1686 609 1772 665 ipsi
1795 610 2012 653 dominos

291 680 522 735 Stephano
547 679 769 721 vaivodae
792 679 1037 734 placemUS‚
1054 679 1099 720 in
1114 693 1206 721 una
1230 680 1301 722 die
1326 680 1384 722 ad
1409 695 1512 723 eum
1537 680 1706 723 intrare
1730 681 1976 723 valeamus.

290 750 409 806 Quid
435 749 666 792 intimavit
693 749 824 791 nobis
850 749 944 804 ipse
971 749 1181 792 dominus
1204 750 1461 806 Stephanus
1487 751 1698 801 vaivoda‚
1727 765 1830 793 cum
1857 752 1980 807 apud

290 821 437 876 ipsum
457 820 524 862 ita
544 820 746 869 sciretur,
769 820 892 875 quod
913 820 1061 863 adhuc
1082 820 1137 863 de
1158 821 1288 863 vadis
1308 821 1555 877 imperator
1575 822 1714 864 alium
1735 822 1979 864 vaivodam

289 892 348 933 ad
369 891 646 933 Moldaviam
669 891 827 945 eligere
849 891 985 933 vellet
1007 905 1014 933 :
1052 892 1375 935 tantummodo
1408 907 1490 948 pro
1511 906 1564 935 ea
1584 907 1631 935 re
1653 906 1904 943 manemUS‚
1927 897 1979 935 ut

288 961 324 1004 si
351 962 600 1017 oportuerit
626 975 708 1003 nos
735 961 793 1003 ad
819 961 967 1017 ipsum
994 962 1229 1004 dominum
1252 963 1535 1019 Stephanum
1560 963 1730 1005 intrare
1755 968 1835 1006 aut
1861 964 1976 1006 non?
1994 977 2035 1004 10

287 1032 494 1087 Denique
529 1032 675 1074 eidem
711 1036 866 1074 tantas
901 1037 1071 1087 gentes,
1109 1033 1248 1076 immo
1283 1034 1432 1089 plures
1467 1048 1606 1090 quam
1641 1034 1736 1089 ipse
1771 1033 1979 1090 optabat,

287 1103 505 1153 misimus,
532 1103 697 1158 quibus
721 1117 768 1145 se
792 1103 906 1145 bene
930 1104 1098 1158 poterit
1124 1104 1254 1146 tueri.
1283 1105 1473 1160 Insuper
1496 1109 1674 1147 nosmet
1711 1104 1796 1160 ipsi
1833 1118 1981 1160 perso-

285 1173 450 1215 naliter
466 1174 616 1229 parati
635 1187 792 1216 sumus
811 1188 913 1216 cum
928 1175 1262 1230 omnipotentia
1277 1175 1542 1218 Serenitatis
1560 1176 1651 1217 Vrae
1685 1175 1731 1217 in
1762 1175 1982 1218 auxilium

286 1257 434 1294 suum,
466 1259 754 1300 quacumque
783 1245 894 1287 hora
940 1245 1134 1288 voluerit
1164 1246 1345 1288 intrare.
1379 1247 1617 1289 Caeterum
1646 1247 1766 1289 enim
1796 1246 1915 1288 dicet
1945 1246 1982 1288 is

285 1315 544 1371 Stephanus
573 1315 791 1372 Sovenffy
824 1316 1071 1366 familiaris,
1107 1321 1311 1360 ostensor
1341 1318 1663 1373 praesentium,
1699 1317 1770 1359 cui
1803 1317 1981 1359 credere
1996 1335 2040 1363 15

287 1386 498 1441 dignetur
539 1386 767 1428 Serenitas
812 1387 898 1436 V‘a,
934 1401 1072 1443 quam
1105 1388 1366 1430 Altissimus
1398 1393 1632 1430 conservet
1667 1388 1841 1430 felicem
1879 1401 1980 1442 pro-

286 1470 554 1512 speramque
589 1457 648 1499 ad
683 1458 831 1499 vota.¹

444 1528 514 1569 Ex
565 1529 723 1570 castris
771 1529 975 1584 gentium
1024 1529 1289 1572 Vestrarum
1338 1529 1555 1585 regalium
1596 1543 1737 1584 prope
1785 1529 1982 1571 Bereczk

285 1598 527 1653 praedictls
549 1605 679 1642 sexto
703 1599 774 1641 die
797 1598 900 1641 festi
924 1600 1056 1641 Beati
1081 1600 1215 1655 Regis
1235 1600 1467 1656 Stephani.
1492 1601 1624 1642 Anno
1660 1598 1783 1655 1476.

430 1669 649 1712 Eiusdem
678 1670 867 1712 Vestrae
896 1670 1149 1713 Maiestatis
2001 1689 2040 1716 20

1166 1760 1322 1802 Comes
1338 1760 1598 1815 Stephanus
1618 1760 1673 1801 de
1692 1760 1869 1801 Bathor

1062 1830 1198 1873 iudex
1229 1830 1378 1872 curiae
1407 1831 1596 1872 Vestrae
1627 1830 1793 1885 Regiae
1822 1829 1981 1872 fidelis.

426 1914 690 1953 Intitulatio:
723 1914 994 1953 Serenissimo
1029 1914 1223 1967 Principi,
1260 1915 1431 1953 domino
1465 1914 1637 1953 domino
1671 1914 1869 1960 Mathiae‚
1905 1914 1983 1953 Dei

287 1972 423 2022 gratia
447 1974 531 2024 regi
558 1974 813 2025 Hungariae,
840 1974 1069 2014 Bohemiae
1094 1979 1172 2014 etc.
1200 1975 1384 2014 Domino
1407 1974 1720 2026 gratiosissimo

432 2060 568 2106 (Copia
604 2071 764 2096 coaeva.
804 2061 993 2096 Archivio
1031 2061 1071 2097 di
1105 2062 1232 2102 Stat0,
1271 2061 1455 2096 venezia.
1495 2061 1660 2096 Edidit:
1700 2062 1806 2095 Mon.
1846 2061 2041 2105 Hung.25

287 2118 392 2153 Hist.
416 2120 519 2154 Acta
540 2123 678 2155 extera
698 2121 777 2155 vol.
801 2121 855 2155 ΙΙ.
877 2131 968 2167 pag.
992 2121 1222 2166 321—323.)

1093 2249 1161 2290 21.

796 2345 941 2394 Euda,
974 2346 1014 2387 8.
1049 2345 1310 2401 Septembris
1342 2346 1468 2399 1476.

286 2432 555 2482 justinianus
590 2435 781 2474 Cavitelli
818 2435 1022 2475 Galeazzo
1057 2435 1189 2474 Maria
1232 2434 1389 2481 Sforza,
1439 2435 1617 2487 principi
1664 2434 1977 2475 Mediolanensi.

435 2533 568 2575 Turci
606 2536 661 2576 M
665 2536 882 2577 oldaviam
918 2540 955 2577 et
996 2535 1253 2577 Valaclziam
1290 2536 1566 2590 reliquerunt.
1995 2550 2032 2577 30

430 2627 549 2669 Sono
577 2628 715 2671 etiam
744 2634 913 2672 venute
943 2630 1011 2672 ozi
1039 2630 1198 2672 lettere
1227 2630 1366 2672 d'uno
1395 2630 1512 2672 altro
1540 2630 1778 2685 capitaneo
1807 2630 1862 2672 de
1888 2630 1980 2672 Sua

288 2696 461 2739 Maesta
484 2698 596 2740 che'l
616 2700 764 2742 Turco
784 2701 829 2742 in
851 2705 1004 2742 totum
1025 2701 1087 2742 s’e
1108 2700 1282 2756 partito
1303 2700 1358 2742 de
1380 2701 1623 2750 Moldavia‚
1647 2701 1740 2742 cioe
1762 2700 1979 2742 Valachia

432 2815 445 2835 1
466 2816 625 2862 Dappoi
653 2821 798 2863 questa
816 2828 888 2852 son
907 2821 1057 2853 venute
1085 2818 1186 2853 altre
1214 2818 1355 2852 lettere
1385 2817 1506 2852 etiam
1536 2817 1574 2852 al
1603 2818 1885 2852 ambassadore
1913 2817 1977 2853 dei

288 2871 501 2906 Venetiani
519 2876 571 2908 da
589 2886 643 2909 un
663 2876 875 2911 secretario
894 2877 1000 2912 dalla
1016 2877 1197 2922 Signoria
1215 2878 1409 2911 mandato
1427 2877 1465 2911 al
1493 2877 1658 2911 Stefano
1689 2877 1730 2911 di
1759 2876 1973 2916 Moldavia,

289 2928 327 2962 lo
352 2930 470 2975 quale
494 2943 574 2967 non
598 2935 618 2968 e
644 2945 791 2969 ancora
815 2935 993 2970 arrivato
1017 2936 1055 2970 al
1079 2936 1188 2971 dicto
1222 2936 1387 2971 Stefano
1423 2946 1494 2981 per
1530 2935 1566 2969 le
1590 2946 1680 2970 cose
1704 2946 1774 2970 son
1800 2945 1976 2970 successe
1991 2939 2032 2966 35

290 2987 354 3022 del
377 2988 516 3030 Turco,
543 3002 609 3025 ma
633 2995 696 3027 sta
719 2993 759 3027 in
784 2993 810 3027 li
835 2995 995 3029 confinii
1019 2995 1082 3029 del
1105 2995 1282 3030 dominio
1318 2996 1446 3029 d'esso
1479 2995 1655 3034 Stefano,
1694 2995 1766 3029 che
1790 2993 1824 3027 el
1847 2995 1976 3029 Tureo

288 3047 342 3079 ha
361 3051 524 3091 passato
546 3049 581 3083 el
600 3051 788 3086 Danubio
809 3056 849 3087 et
870 3055 890 3088 e
913 3056 1075 3088 tornato
1097 3054 1137 3088 in
1159 3054 1357 3099 Bulgaria‚
1382 3057 1423 3088 et
1444 3064 1555 3088 come
1576 3053 1616 3087 in
1637 3053 1675 3087 lo
1697 3064 1768 3088 suo
1790 3054 1975 3088 essercito

288 3106 310 3138 e
328 3115 407 3139 una
423 3108 684 3150 grandissima
699 3114 811 3156 peste
828 3115 869 3146 et
885 3112 991 3147 fame
1009 3124 1016 3152 ;
1036 3115 1077 3147 et
1093 3113 1131 3147 la
1147 3123 1267 3148 causa
1284 3112 1387 3147 della
1404 3113 1510 3146 fame
1537 3114 1557 3147 e
1575 3116 1684 3147 stata
1711 3113 1784 3147 che
1808 3101 1983 3147 Stefano

289 3165 497 3216 sentend04
512 3167 584 3200 che
600 3166 634 3200 el
649 3169 776 3203 Turco
793 3170 910 3204 devia
925 3171 1113 3206 invadere
1129 3171 1167 3206 lo
1182 3182 1254 3206 suo
1270 3174 1378 3206 stato
1394 3172 1516 3206 bruzo
1532 3171 1647 3218 quasi
1663 3174 1774 3207 tutto
1791 3171 1825 3205 el
1840 3182 1973 3218 paese.
