2209 3643
106 338 153 367 19.
177 329 260 370 Aug.

105 2391 154 2414 22.
178 2384 260 2422 Aug.

108 2809 156 2839 29.
180 2800 262 2839 Aug.

285 204 358 237 230
1060 190 1134 223 No.
1161 199 1227 231 191
1730 185 1849 239 [Sept.
1876 199 1975 234 1531*

284 323 432 365 attuit.
482 323 581 364 Hoc
628 320 834 362 videntes
880 319 1067 360 Valachi
1115 318 1288 360 decima
1334 333 1455 361 nona
1501 320 1696 374 Augusti
1742 319 1977 375 praeteriti

284 408 385 436 cum
401 392 599 435 exercitu
620 391 789 432 Polono
804 403 965 430 manus
980 394 1315 439 conseruerunt,
1337 390 1382 431 in
1403 403 1494 444 quo
1526 390 1742 432 conflictu
1763 404 1867 432 cum
1893 389 1981 431 Dei

284 463 508 506 adiutorio
531 461 687 503 Poloni
708 460 957 515 superiores
978 459 1102 509 facti,
1126 460 1428 502 Valachorum
1456 460 1542 502 ista
1564 473 1642 503 sex
1668 460 1809 502 millia
1828 458 1978 515 profli-

286 537 449 588 garunt
482 537 525 574 et
560 532 605 572 in
640 532 794 585 fugam
828 535 1078 579 verterunt,
1121 530 1254 572 multi
1294 531 1474 572 illorum
1515 531 1645 581 caesi,
1688 531 1811 587 capti
1839 544 1978 586 quam

283 603 477 660 plurimi,
526 607 570 644 et
617 601 881 656 praesertim
941 601 996 642 de
1055 601 1153 650 illis,
1210 600 1287 656 qui
1335 601 1474 657 ipsius
1527 602 1776 644 voievodae
1830 601 1979 643 curiae
2018 614 2041 639 5

284 674 616 723 inserviarunt;
653 673 769 713 hanc
807 685 991 713 suorum
1034 676 1230 726 stragem
1270 686 1411 726 quum
1450 686 1476 713 a
1515 672 1692 714 duobus
1730 673 1822 715 suis
1859 672 1979 726 capi—

284 745 442 793 taneis,
495 743 572 798 qui
622 757 676 785 ex
721 742 888 797 proelio
926 742 1234 797 profugerant,
1276 743 1499 784 voievoda
1547 743 1809 793 audivisset,
1860 756 1982 784 com—

284 815 419 857 motis
456 814 583 856 iussit
633 814 717 855 illis
766 813 995 868 amputari
1044 814 1210 868 capita,
1248 813 1327 855 sed
1367 814 1557 855 aliorum
1604 814 1841 869 praecibus
1889 813 1981 855 vic-

284 891 359 928 tus
407 885 578 927 catenis
626 884 778 926 ferreis
826 884 1005 925 vinctos
1041 884 1275 926 custodiae
1311 885 1565 927 mandavit.
1607 885 1703 927 Ista
1741 890 1808 927 est
1847 885 1983 926 Vala-

285 958 470 999 chorum
521 955 815 1004 consuetudo,
868 960 918 996 ut
970 968 1044 996 eos
1095 969 1264 1004 omnes,
1318 955 1394 1010 qui
1447 969 1501 997 ex
1540 969 1693 1010 pugna
1735 955 1982 998 evadentes
2000 967 2042 993 w

285 1028 471 1070 domum
523 1030 829 1075 revertuntur,
886 1025 1116 1080 suppliciis
1163 1026 1460 1080 gravioribus,
1509 1040 1647 1081 quam
1693 1026 1729 1068 si
1773 1027 1818 1068 in
1864 1026 1983 1068 bello

286 1098 562 1147 cecidissent,
607 1097 827 1138 afficiant.
877 1097 995 1138 Hinc
1040 1096 1112 1146 sit,
1158 1101 1209 1138 ut
1254 1097 1299 1138 in
1343 1097 1626 1151 confligendo
1677 1097 1833 1139 multis
1885 1097 1984 1138 aliis

284 1169 545 1211 nationibus
577 1173 682 1209 sunt
716 1167 965 1217 ferociores,
1000 1181 1213 1209 accensus
1253 1167 1408 1222 itaque
1442 1168 1669 1210 Valachus
1699 1168 1779 1218 ira,
1814 1167 1985 1223 pariter

287 1245 330 1282 et
369 1239 540 1295 pudore
590 1239 684 1294 ipse
735 1239 779 1280 in
824 1252 1015 1293 persona
1053 1253 1155 1280 cum
1194 1238 1284 1280 suis
1322 1238 1532 1280 omnibus
1571 1239 1764 1281 Polonos
1800 1243 1985 1294 saeptos

287 1311 457 1360 castris,
495 1314 546 1352 ut
584 1323 739 1351 eorum
775 1323 872 1350 mos
909 1313 990 1358 est,
1029 1310 1233 1351 curribus
1269 1314 1313 1351 et
1351 1309 1481 1351 vallis
1517 1309 1650 1352 tactis
1686 1324 1789 1351 cum
1827 1309 1985 1351 multis
1998 1320 2046 1347 15

286 1381 460 1436 magnis
501 1380 670 1423 bellicis
712 1380 965 1430 tormentis,
1009 1394 1125 1435 quae
1167 1394 1319 1422 secum
1374 1380 1581 1430 duxerat,
1638 1394 1843 1435 agressus
1896 1384 1980 1429 est,

288 1466 515 1507 quamque
544 1452 714 1493 Polono
742 1451 929 1493 sicincti.
961 1451 1063 1492 Non
1085 1451 1354 1493 excedentes
1381 1455 1556 1493 sextam
1586 1456 1764 1506 partem
1791 1451 1984 1500 numeri,

290 1537 427 1578 quam
461 1536 613 1564 secum
647 1522 808 1564 habuit
844 1522 1085 1571 Valachus,
1121 1522 1215 1563 vim
1250 1522 1487 1577 globorum
1522 1522 1710 1564 ulterius
1744 1523 1858 1564 ferre
1892 1535 1984 1563 non

289 1598 471 1649 possent
509 1593 732 1648 prioribus
769 1593 969 1634 victoriis
1006 1592 1210 1641 animati,
1250 1606 1304 1634 ex
1343 1606 1426 1648 ope
1463 1592 1618 1634 divina
1655 1593 1814 1642 adiuti,
1853 1597 1984 1634 extra

289 1665 459 1706 vallum
499 1664 543 1706 in
583 1664 815 1705 ordinibus
854 1664 944 1706 suis
983 1663 1264 1718 prosilientes
1302 1663 1522 1719 proelium
1562 1663 1898 1713 commiserunt,
1940 1667 1984 1705 et
2002 1674 2044 1700 20

291 1749 391 1777 cum
423 1735 630 1777 hostibus
660 1749 742 1790 pro
773 1734 963 1790 persidia
994 1735 1336 1790 expostulantes
1367 1739 1411 1776 et
1444 1739 1669 1776 certantes
1696 1735 1755 1776 ad
1785 1734 1986 1789 quinque

290 1807 422 1848 horas
461 1806 555 1848 sine
594 1805 923 1847 intermissione
950 1810 1271 1847 conseruerunt
1306 1819 1472 1847 manus
1504 1805 1692 1860 illosque
1731 1805 1789 1846 ad
1822 1805 1985 1847 intere-

291 1877 487 1918 mionem
511 1891 654 1931 usque
679 1881 980 1932 prostrarunt,
1006 1890 1204 1931 namque
1229 1881 1408 1931 praeter
1432 1876 1578 1918 multa
1603 1876 1726 1917 milia
1751 1890 1986 1918 caesorum

290 1948 513 1990 voievoda
554 1947 648 2002 ipse
689 1947 864 2002 fugiens
905 1947 1083 1989 duobus
1124 1947 1386 1989 vulneribus
1427 1947 1625 2001 acceptis
1665 1951 1732 1989 est
1775 1947 1984 1996 affectus,

291 2023 519 2060 tormenta
563 2018 722 2060 bellica
767 2032 933 2073 magna
978 2018 1310 2073 quinquaginta
1356 2031 1459 2059 cum
1504 2018 1780 2072 pulveribus,
1826 2017 1984 2072 globis,
2002 2027 2049 2054 22²>

293 2089 494 2131 curribus
519 2089 732 2131 onerariis
757 2094 801 2131 et
828 2093 1086 2131 commeatu
1111 2093 1261 2144 capta,
1288 2088 1527 2143 intorquae
1554 2089 1733 2130 fuerant
1760 2088 1987 2143 quaedam

292 2164 399 2201 ante
437 2172 492 2213 30
532 2173 673 2202 annos
713 2165 757 2202 et
798 2164 995 2215 quatuor
1035 2160 1215 2201 Polonis
1267 2164 1311 2201 et
1351 2159 1655 2214 superioribus
1695 2159 1837 2208 annis,
1879 2158 1990 2214 ipsis

292 2230 614 2286 Transylvanis
660 2231 888 2286 Hungaris
935 2230 1163 2285 adempta.
1214 2231 1331 2272 Item
1378 2230 1468 2271 duo
1514 2230 1679 2271 vexilla
1724 2229 1897 2272 maiora
1942 2234 1988 2271 et

294 2301 624 2356 principaliora,
658 2306 881 2357 tympana
925 2306 968 2343 et
1002 2302 1148 2343 multa
1180 2301 1268 2342 alia
1300 2305 1630 2356 apparamenta
1662 2301 1836 2350 bellica,
1871 2313 1989 2355 quae

295 2371 445 2413 omnia
477 2372 600 2413 facta
632 2377 737 2414 sunt
772 2384 839 2414 22.
874 2372 1069 2426 Augusti
1101 2371 1346 2427 praeteriti.
1383 2371 1541 2413 Poloni
1572 2371 1865 2426 prosequenti
1897 2370 1989 2412 vic-
2007 2382 2050 2409 acs-

294 2441 457 2483 toriam
487 2442 677 2484 insecuti
706 2447 812 2484 sunt
842 2443 1065 2498 fugientes
1093 2443 1317 2484 Valachos
1346 2456 1424 2497 per
1452 2441 1640 2483 milliare
1669 2441 1989 2484 Germanicum

293 2526 434 2553 unum
476 2527 578 2554 cum
619 2513 871 2562 dimidiato,
914 2513 1196 2555 trucidantes
1236 2518 1281 2555 et
1322 2513 1559 2568 plerosque
1600 2513 1655 2554 de
1695 2512 1992 2554 nobilioribus

294 2583 424 2624 vivos
451 2583 692 2638 capientes.
723 2584 828 2625 Fuit
857 2598 1089 2626 caesorum
1116 2584 1272 2638 ingens
1298 2597 1512 2625 numerus
1539 2588 1583 2625 et
1611 2583 1728 2625 inter
1754 2596 1828 2624 eos
1855 2581 1989 2623 multi

296 2653 350 2694 de
386 2653 658 2707 primoribus
694 2655 882 2696 Valachi
918 2655 1097 2710 reperti.
1138 2655 1273 2696 Hunc
1311 2655 1484 2695 laetum
1521 2653 1737 2695 victoriae
1773 2652 1988 2694 nuntium

297 2723 453 2765 attulit
496 2724 622 2765 Ser'f*O
666 2725 879 2766 Poloniae
922 2725 1015 2780 regi
1053 2725 1240 2780 quidam
1285 2725 1542 2779 praefectus
1574 2724 1772 2765 militurn
1804 2723 1989 2764 nomine
2003 2735 2045 2762 35>

294 2793 547 2845 Szwiecicki
581 2805 648 2848 29.
683 2795 877 2849 Augusti
911 2796 1187 2837 Cracoviam.
1225 2796 1411 2836 Postero
1444 2794 1516 2835 die
1549 2794 1710 2835 missus
1743 2798 1787 2835 et
1822 2793 1989 2835 comite

298 2863 352 2904 de
395 2864 586 2906 Tarnow
630 2865 867 2920 capitaneo
911 2866 1105 2920 generali
1150 2865 1336 2920 quidam
1380 2864 1542 2905 nobilis
1586 2863 1760 2905 iuvenis
1805 2864 1989 2905 nomine

297 2933 535 2987 Zbignieus
569 2934 830 2984 Sienienski,
870 2936 1069 2990 quodam
1116 2936 1233 2978 Suae
1282 2928 1349 2976 Mti
1400 2934 1566 2988 Regiae
1603 2933 1741 2975 etiam
1779 2934 1990 2989 captivos

299 3003 469 3052 attulit,
501 3009 545 3046 et
576 3005 678 3046 inde
709 3005 821 3047 alius
850 3006 1105 3060 praefectus
1135 3005 1331 3047 militum
1358 2999 1642 3058 Jaslowiecki
1672 3004 1803 3046 duxit
1833 3018 1987 3046 secum

299 3085 513 3126 magnum
536 3075 820 3129 captivorum
842 3089 1094 3125 numerum,
1118 3076 1235 3118 inter
1257 3088 1370 3129 quos
1392 3079 1474 3123 est,
1497 3074 1575 3128 qui
1597 3074 1761 3116 dicitur
1783 3088 1987 3116 sermone
2003 3087 2045 3113 40

300 3141 339 3182 V
343 3142 540 3189 alachico
561 3144 784 3198 Logoflet,
807 3146 929 3200 quod
950 3150 1016 3187 est
1039 3146 1162 3201 apud
1188 3146 1285 3186 illos
1318 3144 1514 3199 supremi
1548 3145 1772 3199 capellarii
1805 3159 1986 3194 nomen,
