2209 3643
190 224 222 247 1.
242 213 333 259 Jan.
361 207 471 262 1527]
948 211 1022 246 No.
1048 222 1116 256 105
1812 218 1880 253 143

182 344 252 386 len
279 343 405 385 nicht
431 343 680 397 geschehen
702 341 773 389 ist,
791 341 958 382 sunder
982 355 1029 382 er
1053 341 1240 396 spricht,
1268 341 1371 382 dass
1397 355 1443 382 er
1468 340 1546 382 auf
1571 339 1642 381 ein
1668 339 1764 381 Zeit
1792 352 1881 379 von

182 415 299 456 Herr
321 414 580 468 Wolffgang
594 413 674 454 hat
689 412 899 467 gewandt
922 413 1145 467 gclunnen
1161 426 1243 454 vor
1257 412 1340 453 Soo
1366 412 1570 459 denaros,
1587 411 1753 452 nocher
1771 410 1880 451 Rest

181 485 359 541 plieben
384 485 442 526 ist
467 497 551 538 4oo
577 483 746 532 denari,
764 496 813 524 so
829 483 1010 524 anderst
1038 483 1140 524 dem
1168 484 1315 524 Herrn
1340 483 1599 537 Wolffgang
1624 481 1797 537 peczolt
1823 481 1880 522 ist

180 556 375 598 worden.
402 556 460 597 So
487 555 554 610 pit
581 554 661 596 wir
687 554 807 596 Euer
834 554 1115 603 Herrschaft,
1144 554 1209 596 als
1236 568 1394 596 unsere
1423 553 1583 595 Frindt
1611 552 1705 594 und
1732 552 1881 594 Noch-

145 641 272 682 5per,
307 627 376 668 ihr
408 640 599 668 unseren
631 626 770 667 Mann
802 626 927 667 recht
960 625 1099 666 woldt
1132 625 1295 674 helsen,
1347 625 1451 666 dass
1502 624 1595 666 ihm
1629 623 1881 678 Peczolung

179 699 371 753 gescheh
380 697 475 739 und
483 697 604 738 werd
619 696 761 751 geben
777 696 931 751 Zeiger
946 696 1088 738 dieses
1106 696 1241 744 Brief,
1253 710 1301 737 so
1317 709 1363 737 es
1379 696 1466 737 den
1483 695 1608 737 nicht
1624 694 1878 749 geschiecht

181 769 274 810 und
311 769 438 811 nicht
477 768 641 823 Frybel
679 768 806 816 habt,
847 767 982 809 deren
1019 781 1066 808 er
1101 781 1274 822 genueg
1311 767 1545 821 ausgetagt
1585 766 1642 808 ist
1681 765 1876 807 worden.

176 840 267 882 Seit
294 840 405 881 Gott
431 839 680 895 pesolchen.

313 911 487 952 Datum
511 910 590 952 auf
613 910 692 951 der
712 910 851 951 Socza
876 909 920 950 in
945 909 1015 951 die
1041 909 1215 950 Divisio
1235 909 1572 964 Apostolorum.
1596 908 1729 949 Anno
1752 907 1876 960 1526.

123 1034 158 1059 10
464 1018 669 1072 Janusch
691 1017 822 1059 Groff
841 1017 923 1058 mit
949 1023 1099 1071 sampt
1123 1016 1274 1058 seinen
1297 1016 1627 1057 Geschwornen
1650 1015 1879 1069 Burgeren

963 1088 1041 1129 auf
1063 1088 1140 1129 der
1162 1087 1340 1129 Czocza.

316 1192 341 1230 I
343 1191 547 1230 ntitulatio
567 1205 579 1230 .·
620 1192 728 1230 Dem
767 1190 1025 1235 Ehrbehren,
1067 1190 1370 1240 nomhoftigen,
1400 1188 1661 1227 wohlweisen
1701 1188 1876 1234 Herren,

176 1252 284 1290 Herr
308 1252 405 1290 dem
430 1251 604 1289 Richter
628 1251 704 1289 mit
730 1255 871 1302 sampt
896 1250 1038 1288 seinen
1062 1249 1354 1300 nomhoftigen
1380 1249 1541 1287 Herren
1565 1248 1608 1286 in
1632 1247 1705 1286 der
1731 1247 1877 1298 Kinig-

174 1311 310 1350 lichen
335 1311 461 1350 stadt
490 1311 665 1355 Neszen,
694 1322 872 1348 unseren
899 1313 1052 1360 gueten
1080 1309 1234 1347 Diener
1261 1306 1514 1361 zukum1me]
1544 1307 1618 1346 der
1645 1306 1771 1346 Brief.

121 1424 158 1450 15
255 1409 478 1455 (Originale.
496 1410 714 1443 Archivum
729 1409 945 1443 comitatus
960 1408 1348 1447 Beszterczenaszod,
1363 1408 1603 1442 Besztercze.
1615 1406 1688 1440 No.
1707 1406 1808 1451 897.)

977 1572 1073 1613 105.

658 1683 912 1737 Esztergom,
947 1695 985 1724 Ι.
1019 1682 1235 1736 Ianuarii
1267 1694 1392 1735 1527.

390 1774 578 1824 Joannes
619 1773 651 1811 Ι.
695 1785 767 1811 rex
810 1772 1051 1823 Hungariae
1093 1773 1218 1811 Petro
1260 1771 1435 1823 Perenyi
1477 1776 1518 1810 et
1560 1771 1692 1810 sociis.

323 1874 450 1915 Nova
474 1873 648 1915 donatio
673 1878 883 1914 certarum
908 1872 1229 1928 possessionum
1253 1872 1301 1912 in
1326 1871 1529 1913 comitatu
1562 1871 1608 1912 H
1610 1870 1874 1924 Ἰιιηγιιοίίενιεί

125 1969 162 1994 20
180 1944 454 1986 existentium
481 1949 560 2000 pro
595 1947 717 2000 parte
748 1944 781 1998 J
785 1944 941 1986 oannis
973 1943 1223 1996 Szalcinczy,
1255 1942 1470 1984 secretarii
1497 1942 1642 1983 Radul
1670 1941 1874 1983 vaivodae

185 2015 430 2057 Valaclziae.

325 2122 418 2163 Nos
443 2122 644 2176 Joannes
672 2122 756 2163 Dei
782 2121 928 2176 gratia
955 2135 1033 2162 rex
1062 2120 1335 2175 Hungariae,
1366 2119 1636 2168 Dalmatiae,
1667 2118 1873 2161 Croatiae

179 2196 264 2234 ete.
282 2192 513 2234 Fidelibus
532 2193 698 2234 nostris
716 2192 960 2248 Spectabili
981 2196 1026 2233 et
1048 2191 1286 2246 Magnifico
1308 2191 1442 2232 Petro
1463 2189 1518 2232 de
1539 2191 1694 2239 Peren,
1717 2189 1873 2231 comiti

179 2268 400 2318 perpetuo
437 2263 681 2306 comitatus
724 2262 1108 2318 Abaujvariensis,
1152 2261 1384 2303 waivodae
1414 2266 1568 2302 nostro
1593 2260 1873 2302 Transsilva—

126 2346 162 2371 25
179 2334 306 2375 nensi
337 2338 422 2376 etc.

326 2405 569 2455 Noveritis,
624 2406 747 2460 quod
786 2418 866 2446 nos
907 2403 1200 2446 consideratis
1248 2402 1455 2444 fidelibus
1495 2402 1690 2443 servitiis
1730 2402 1872 2443 fidelis

178 2475 321 2516 nostri
360 2476 539 2530 Egregii
573 2476 763 2530 Joannis
789 2476 1020 2530 Zalanchy
1045 2474 1100 2516 de
1125 2474 1437 2523 Zentthamas,
1465 2473 1691 2515 secretarii
1729 2473 1871 2514 fidelis

178 2545 322 2587 nostri
355 2546 624 2601 Spectabilis
672 2552 717 2589 et
754 2546 980 2601 Magnifici
1025 2544 1187 2587 Radwl
1233 2544 1466 2586 waivodae
1516 2544 1659 2585 nostri
1708 2544 1869 2585 Trans-

178 2616 436 2671 alpinensis,
463 2631 579 2672 quae
605 2618 724 2660 idem
746 2618 946 2672 Joannes
971 2617 1016 2658 in
1041 2616 1177 2657 variis
1204 2615 1504 2670 legationibus
1519 2619 1564 2656 et
1590 2614 1723 2656 rebus
1747 2615 1870 2669 regni

124 2698 162 2724 30
177 2687 320 2728 nostri
341 2687 520 2743 saepius
539 2688 598 2730 ab
618 2688 715 2744 ipso
735 2687 920 2730 domino
940 2700 1024 2728 suo
1044 2687 1102 2728 ad
1116 2700 1197 2727 nos
1224 2686 1408 2727 veniens
1435 2690 1480 2727 et
1513 2699 1615 2727 cum
1642 2685 1870 2726 mandatis

177 2758 342 2799 nostris
364 2759 539 2800 rediens
560 2759 691 2801 nobis
713 2764 757 2801 et
780 2759 893 2801 sacri
915 2758 1049 2800 huius
1082 2757 1206 2812 regni
1231 2756 1374 2798 nostri
1409 2769 1598 2798 coronae
1621 2769 1724 2797 cum
1747 2756 1869 2797 omni

177 2827 409 2870 fidelitatis
437 2831 696 2871 constantia
729 2830 935 2872 exhibuit
958 2834 1002 2870 et
1025 2828 1222 2877 exhibet,
1257 2827 1421 2868 totales
1455 2827 1648 2868 directas
1682 2831 1868 2881 quartas

177 2903 330 2952 partes
369 2904 414 2941 et
453 2900 681 2955 portiones
720 2899 1089 2956 possessionarias
1123 2898 1285 2940 nobilis
1325 2898 1533 2939 dominae
1564 2898 1724 2938 Annae
1751 2897 1868 2938 filiae

177 2969 409 3022 quondam
455 2970 645 3023 Joannis
696 2972 842 3026 [Bhar]
896 2971 950 3012 de
1002 2971 1172 3024 Lapug,
1222 2982 1411 3023 sponsae
1461 2968 1668 3009 videlicet
1726 2967 1866 3022 ipsius

124 3050 160 3076 35
178 3039 409 3096 Zalanchy
447 3041 492 3082 in
530 3042 883 3096 possessionibus
909 3040 1133 3096 superiore
1160 3044 1204 3081 et
1228 3039 1434 3081 inferiore
1473 3039 1643 3093 Lapug‚
1672 3038 1865 3088 Hathar,

177 3109 351 3159 Ohaba,
389 3111 517 3167 They
552 3117 596 3154 et
635 3113 860 3167 Finthoag
895 3111 1084 3159 vocatis,
1115 3110 1160 3151 in
1186 3110 1407 3152 comitatu
1455 3109 1783 3164 Hunyadiensi,
1822 3109 1867 3151 in

176 3180 383 3233 partibus
421 3182 641 3236 praedicti
692 3183 827 3224 castri
866 3181 1008 3223 nostri
1057 3182 1195 3223 Dewa
1234 3180 1533 3222 existentibus
1573 3179 1766 3229 habitas,
1809 3180 1868 3221 ad
