2209 3643
159 1854 205 1883 31.
230 1845 301 1873 Maii

325 223 396 259 272
1028 209 1101 243 No.
1126 209 1329 253 227—228
1718 204 1766 258 [2.
1787 210 1897 255 Junii
1921 220 2019 255 1537

327 340 429 384 Mtem
480 342 595 390 me,
642 340 877 382 dominum
922 343 1129 381 nostrum
1187 338 1610 388 Clementissimum,
1658 339 1716 380 ob
1760 339 1806 380 id
1851 340 2020 395 suppli-

328 417 482 455 cantes
510 412 672 454 Sacrae
703 403 768 452 Mti
788 411 891 459 Vm,
926 414 1152 464 quatenus
1178 409 1241 450 illi
1259 413 1415 451 nostro
1434 409 1616 451 nomine
1635 409 1771 451 fidem
1790 415 2020 465 praestare

328 484 549 539 dignetur.
588 483 642 523 In
674 480 846 534 reliquo
880 480 1003 521 Deus
1025 479 1326 535 Omnipotens
1343 480 1527 522 Sacram
1560 480 1664 521 Mtem
1696 480 1797 522 me
1831 480 1889 522 ad
1909 485 2020 523 vota

328 554 469 608 Regia
508 552 630 594 omni
669 551 902 606 triumpho
942 550 1116 592 felicem
1156 555 1201 592 et
1241 550 1436 605 benigna
1476 551 1716 593 clementia
1755 564 2019 594 conservare

327 625 549 679 dignetur.
2055 636 2073 662 5

470 694 541 736 Ex
573 706 674 735 arce
703 691 1032 741 chhawiensi,
1068 692 1135 734 16.
1169 691 1291 733 Maii.
1324 692 1458 734 Anno
1492 703 1616 747 1537.

461 784 486 822 I
489 782 711 823 ntitulatz'os
726 782 846 821 Sermo
862 794 909 820 ac
922 781 1097 821 Sacramo
1111 781 1290 833 principi
1305 786 1346 820 et
1363 781 1547 827 domino,
1558 781 1729 821 domino
1738 782 2017 828 Ferdinando‚

324 844 494 882 favente
519 841 663 881 divina
687 841 911 880 clementia
926 842 1229 886 Romanorum,
1247 841 1503 892 Hungariae,
1519 841 1762 887 Bohemiae,
1779 841 2021 880 Dalmatiae

324 902 515 942 Croatiae
539 901 623 952 regi
648 913 811 952 semper
835 902 1029 951 Augusto
1053 905 1131 939 etc.
1159 900 1343 940 Domino
1378 904 1523 939 nostro
1559 900 1895 940 clementissimo.

655 985 881 1030 (Originale.
919 984 1207 1025 Staatsarchiv,
1247 985 1373 1018 VVien.
1414 984 1673 1030 Hungarica.)
2036 988 2073 1015 10

1125 1139 1222 1180 227.

881 1249 1046 1298 Pralza,
1080 1260 1119 1291 2.
1154 1249 1291 1303 szz'z‘
1324 1261 1450 1303 1537.

451 1340 744 1379 Ferdinandus
764 1341 795 1379 Ι.
814 1353 887 1379 rex
905 1340 1146 1391 Hungariae
1163 1340 1402 1379 oratoribus
1418 1339 1627 1379 vain-odae
1643 1339 1891 1379 Moldaviae.

475 1441 532 1483 Ut
549 1441 733 1495 legatum
753 1454 883 1481 sumn
913 1439 1121 1482 Cracovz'cz
1140 1444 1367 1481 venturmn
1398 1440 1610 1494 patienter
1629 1443 1855 1495 expectent,
1887 1443 2015 1494 rogat.

471 1547 773 1589 Honorabiles
805 1551 849 1588 et
882 1546 1063 1602 Egregii
1094 1547 1263 1588 sincere
1295 1546 1460 1589 dilecti.
2036 1568 2071 1593 15

470 1619 601 1673 Quod
639 1623 839 1660 oratores
874 1618 1018 1659 nostri
1053 1618 1258 1660 nondum
1296 1617 1560 1660 Cracoviam
1598 1616 1870 1672 appulerint,
1908 1616 2018 1658 nihil

325 1690 448 1731 aliud
468 1703 575 1731 sane
596 1689 641 1731 in
663 1702 800 1731 causa
814 1688 915 1738 fuit,
933 1702 1087 1744 quam,
1104 1689 1226 1744 quod
1242 1688 1621 1744 exspectabamus
1641 1687 1839 1743 primum
1860 1687 2018 1730 certio-

326 1774 395 1803 res
413 1760 506 1802 fieri
525 1761 580 1802 de
599 1761 803 1802 adventu
821 1764 986 1802 vestro.
1009 1759 1093 1814 Qui
1115 1774 1217 1801 cum
1236 1760 1367 1801 nobis
1398 1773 1424 1801 a
1440 1760 1566 1802 §erm
1597 1758 1810 1815 principe,
1831 1758 2018 1800 domino

324 1831 613 1887 sigismundo
645 1846 747 1887 rege
781 1831 994 1872 Poloniae
1026 1830 1189 1872 litteris
1222 1831 1328 1880 suis,
1356 1831 1450 1872 heri
1484 1830 1695 1886 acceptis
1729 1829 2018 1871 renuntiatus

325 1902 398 1952 sit,
436 1903 666 1959 praefatos
704 1906 905 1944 oratores
942 1905 1120 1943 nostros
1158 1901 1497 1957 quamprimum
1535 1915 1630 1944 sese
1667 1900 1712 1941 in
1750 1900 1873 1942 viam
1911 1901 2018 1942 dare
2032 1921 2069 1948 20

325 1974 535 2015 iussimus
573 1987 739 2028 eosque
764 1972 1092 2028 profectionem
1120 1973 1178 2014 ad
1204 1986 1286 2014 vos
1312 1986 1441 2014 suam
1469 1972 1536 2014 ita
1562 1971 1888 2014 acceleraturos
1915 1984 2018 2013 con-

324 2044 519 2094 fidimus,
556 2048 606 2086 ut
642 2044 763 2086 intra
798 2043 1093 2098 paucissimos
1128 2043 1222 2085 dies
1256 2043 1411 2098 procul
1447 2043 1586 2085 dubio
1622 2043 1885 2085 Cracoviam
1920 2055 2018 2097 per-

325 2116 505 2157 venturi
524 2115 628 2157 sint.
651 2115 801 2170 Quare
820 2127 901 2156 vos
921 2115 1159 2156 hortamur
1178 2119 1222 2156 et
1243 2114 1526 2169 requirimus,
1547 2114 1616 2155 uti
1636 2114 1874 2169 parvulam
1894 2113 2017 2154 illam

325 2201 498 2228 moram
532 2186 640 2227 boni
681 2184 927 2228 consulatis
961 2190 1284 2240 oratorumque
1323 2189 1581 2227 nostrorum
1626 2186 1877 2227 adventum
1918 2198 2018 2239 pro-

325 2257 502 2312 pediem
527 2258 734 2299 futurum
760 2270 905 2311 aequo
931 2256 1084 2298 animo
1115 2256 1401 2311 exspectetis,
1427 2269 1574 2310 neque
1598 2255 1742 2297 redire
1766 2256 1858 2297 ullo
1881 2255 2018 2296 modo
2034 2275 2071 2301 25

327 2328 546 2383 cogitetis,
582 2332 831 2383 antequam
866 2341 948 2370 vos
983 2332 1183 2369 oratores
1217 2326 1360 2369 nostri
1395 2326 1704 2376 convenerint,
1734 2326 1793 2376 id,
1816 2326 1940 2381 quod
1973 2329 2017 2367 et

326 2412 461 2453 supra
475 2399 686 2448 diximus,
702 2399 830 2441 brevi
851 2399 943 2448 fiet,
961 2412 1012 2440 ac
1028 2398 1083 2440 de
1097 2412 1149 2440 eo
1173 2398 1348 2439 nullum
1374 2397 1505 2439 vobis
1530 2397 1721 2439 dubium
1747 2410 1841 2438 esse
1866 2396 2016 2438 debet.

470 2470 643 2511 Datum
674 2470 860 2524 Pragae,
891 2482 929 2511 2.
958 2469 1085 2523 Junii
1117 2479 1240 2523 1537.

673 2561 923 2607 (Conceptus.
956 2560 1243 2600 Staatsarchiv,
1279 2559 1405 2594 VVien.
1441 2558 1698 2604 Hungarica.)

1125 2702 1222 2743 228.
2032 2722 2070 2748 80

846 2812 914 2852 Ex
935 2811 1102 2861 castris,
1131 2823 1169 2853 2.
1199 2811 1319 2864 sulii
1344 2822 1470 2864 1537.

429 2899 578 2937 Petrus
600 2900 730 2954 Rares
751 2900 935 2938 vaivoda
956 2900 1193 2939 Moldaviae
1214 2900 1247 2938 F
1250 2899 1480 2938 erdinando
1503 2898 1534 2936 I.
1558 2897 1642 2947 regi
1664 2897 1918 2948 Hungariae.

471 2997 654 3039 Litterae
687 2999 960 3041 credentiales
994 2999 1151 3041 oratori
1185 3013 1261 3041 suo
1295 2998 1351 3039 ad
1386 3011 1483 3038 eum
1512 2996 1644 3037 misso
1676 2997 1813 3038 datae.

471 3101 593 3142 Serme
633 3116 685 3144 ac
720 3102 903 3145 Sacrame
930 3104 1137 3159 princeps
1176 3109 1220 3146 et
1260 3103 1454 3152 domine,
1489 3102 1670 3144 domine
1695 3102 1826 3144 nobis
1851 3101 2016 3157 gratio-

331 3169 513 3212 sissime.
549 3171 864 3215 Obedientiam
895 3187 947 3215 ac
979 3174 1263 3216 fidelitatem.
2032 3182 2071 3208 35
