2209 3643
163 1279 169 1286 .
195 1253 265 1284 Oct.

285 203 357 238 150
1042 187 1116 221 No.
1143 197 1210 230 113
1653 179 1726 233 [19.
1749 183 1852 217 Nov.
1879 193 1978 228 1527

286 327 392 365 sunt
435 322 597 365 conati.
630 320 717 362 Sed
750 332 852 361 cum
887 316 1152 372 capitaneus
1179 320 1334 357 noster
1375 314 1634 357 antedictus
1675 327 1779 355 curn
1821 314 1980 355 eodem

286 393 424 435 Erkio
446 392 679 435 consilium
701 390 847 438 iniret,
871 400 1071 442 quonam
1092 386 1228 428 modo
1250 390 1449 428 castrum
1471 385 1582 427 illud
1602 384 1806 439 subigere
1827 384 1979 432 vellet,

287 464 449 506 accidit
481 463 629 518 ignem
661 462 777 502 forte
807 473 887 514 per
917 457 1302 499 inadvertentiam
1333 461 1604 505 nostrorum,
1640 455 1718 509 qui
1748 455 1794 496 in
1825 453 1980 496 tuitio-

286 548 389 576 nem
425 533 560 575 castri
594 531 729 587 positi
764 531 945 571 fuerant
981 528 1026 569 in
1061 529 1294 583 pulverem
1329 526 1677 569 tormentarium
1712 526 1864 574 delati,
1902 524 1982 580 qui

287 606 489 647 fomento
519 607 706 657 accepto
731 600 868 642 latius
892 613 1068 654 serpere
1092 599 1240 654 coepit
1266 603 1310 640 et
1337 598 1532 652 denique
1559 610 1714 639 omnes
1734 597 1825 638 fere
1854 596 1901 637 in
1930 609 1982 637 eo
2018 608 2039 633 5·

287 676 532 717 existentes
560 672 815 721 suffocavit,
845 670 1006 725 reliqui
1034 684 1060 711 a
1088 670 1253 712 nostris
1281 669 1527 718 trucidati,
1558 668 1766 710 waivoda
1793 667 1846 708 iis
1875 666 1984 708 visis

287 750 331 788 et
365 759 502 800 quam
534 744 736 800 plerique
767 756 822 784 ex
854 742 946 783 suis
976 741 1174 782 maxime
1207 739 1452 795 agrestium
1485 738 1698 781 colluvies
1731 743 1775 779 et
1808 737 1983 787 Poloni,

289 830 401 871 quos
419 829 557 871 penes
585 814 656 870 [se]
687 814 903 862 habebat,
927 812 1105 854 deserta
1132 811 1358 853 montium
1379 811 1479 852 loca
1496 823 1628 852 cursu
1641 813 1863 864 peterent,
1881 822 1985 851 cum

289 887 461 941 aliquot
484 886 714 941 equitibus
734 884 926 926 Tissiam
947 888 1087 938 ponte
1110 882 1306 931 transiit,
1330 895 1466 936 quem
1489 881 1641 922 subito
1661 884 1765 935 post
1788 893 1833 921 se
1856 879 1987 921 deiici

290 958 409 1007 fecit,
438 957 560 1012 quod
587 960 786 998 caeteros
812 954 1010 996 transitu
1035 953 1267 1009 prohibuit
1306 957 1350 994 et
1384 952 1429 993 in
1455 951 1762 1007 ingruentium
1788 950 1987 992 militum
2004 964 2041 990 10

290 1034 547 1071 nostrorum
581 1040 744 1069 manus
779 1025 986 1075 detrusit,
1021 1024 1190 1080 partim
1225 1024 1283 1065 ab
1317 1023 1482 1065 eisdem
1520 1022 1701 1071 occisos,
1736 1021 1906 1077 partim
1942 1021 1987 1062 in

289 1099 480 1142 Tissiam
517 1112 597 1154 per
633 1110 847 1153 praeceps
885 1096 1136 1138 devolutos.
1179 1095 1440 1149 Complures
1477 1094 1587 1135 item
1626 1093 1701 1134 alii
1736 1092 1988 1147 periculum

292 1170 481 1212 evadere
510 1169 755 1224 cupientes,
787 1180 1026 1210 commune
1054 1167 1225 1208 malum
1255 1166 1300 1207 in
1328 1164 1470 1207 fluvio
1499 1169 1605 1206 sunt
1633 1163 1822 1219 experti.
1855 1163 1988 1204 Prae—

292 1246 415 1283 terea
440 1240 534 1282 heri
560 1240 751 1282 allatum
778 1239 836 1280 ad
856 1251 938 1280 nos
964 1243 1031 1280 est
1057 1237 1270 1279 nuntium
1298 1236 1510 1278 comitem
1532 1235 1906 1290 Christophorum
1934 1233 1990 1275 de

293 1311 677 1367 Frangepanibus,
706 1310 783 1365 qui
803 1323 1020 1364 magnum
1041 1308 1289 1350 exercitum
1305 1311 1463 1349 contra
1490 1320 1571 1348 nos
1598 1306 1644 1347 in
1670 1318 1807 1360 regno
1833 1308 1991 1346 nostro
2004 1319 2044 1345 15

290 1382 554 1425 Sclavoniae
581 1385 932 1436 congregaverat
960 1394 986 1421 a
1011 1379 1222 1434 gentibus
1248 1378 1427 1427 nostris,
1456 1391 1570 1432 quas
1596 1377 1641 1418 in
1668 1376 1826 1418 eodem
1852 1388 1991 1430 regno

293 1454 548 1503 habuimus,
572 1452 695 1508 apud
717 1452 951 1494 civitatem
974 1450 1291 1492 &Varasdinam
1313 1449 1407 1490 ictu
1429 1448 1562 1490 unius
1584 1447 1772 1503 sclopeti
1793 1446 1990 1502 periisse,

295 1524 634 1579 exercitumque
663 1523 758 1565 eius
786 1536 880 1564 esse
909 1521 1193 1576 dissipatum.
1226 1520 1359 1575 Quod
1388 1533 1469 1561 vos
1497 1533 1580 1575 pro
1608 1518 1754 1573 gratia
1784 1522 1828 1559 et
1857 1517 1991 1558 bene-

294 1595 509 1645 volentia,
545 1609 636 1650 qua
668 1607 749 1636 vos
783 1592 1125 1649 complectimur
1157 1596 1201 1634 et
1235 1590 1537 1647 potissimum,
1572 1589 1696 1644 quod
1729 1587 1991 1643 compertis-

295 1666 459 1708 simum
503 1666 752 1708 habeamus
796 1677 878 1706 vos
921 1664 1096 1706 felicem
1139 1676 1288 1704 rerum
1333 1666 1592 1703 nostrarum
1636 1673 1891 1702 successum
1936 1672 1992 1700 ex
2004 1673 2045 1698 ρο

296 1737 447 1779 animo
472 1736 737 1786 desiderare,
763 1735 929 1790 illoque
952 1748 1043 1776 non
1068 1747 1195 1776 secus
1220 1738 1358 1788 atque
1382 1745 1464 1774 nos
1488 1732 1608 1787 ipsos
1632 1731 1828 1786 gaudere
1851 1730 1994 1771 latere

296 1808 535 1850 noluimus.

441 1879 615 1921 Datum
646 1877 820 1927 Eudae,
854 1888 893 1930 5.
927 1876 1137 1918 Octobris
1170 1886 1295 1929 1527.

623 1984 873 2028 (Conceptus.
911 1981 1198 2021 Staatsarchiv‚
1237 1980 1364 2014 VVien.
1404 1978 1664 2023 Hungarica.)

1093 2158 1192 2199 113.
2010 2169 2052 2195 25

829 2269 949 2323 susi,
974 2281 1042 2323 19.
1067 2267 1322 2310 Novembris
1346 2277 1473 2320 1527.

375 2362 525 2401 Petrus
552 2362 684 2415 Rares
710 2360 895 2399 vaivoda
922 2358 1160 2398 Moldaviae
1187 2356 1456 2396 Ferdinando
1484 2355 1516 2394 I.
1546 2354 1631 2405 regi
1658 2352 1915 2403 Hungariae.

446 2473 629 2514 Litterae
665 2471 937 2514 credentiales
972 2474 1051 2526 pro
1085 2473 1205 2525 parte
1254 2467 1484 2510 Theodosii
1531 2465 1703 2521 Logojet
1747 2463 1896 2506 nuntii
1946 2463 2002 2504 ad

301 2557 398 2585 eum
429 2558 568 2586 mzssz.

445 2661 732 2704 Serenissime
781 2660 989 2716 princeps
1035 2663 1080 2700 et
1119 2657 1300 2700 domine
1339 2657 1437 2698 Rex
1476 2660 1629 2697 noster
1665 2652 2055 2708 gratiosissimam>

302 2733 545 2775 Servitium
585 2746 687 2774 curn
725 2731 960 2773 fidelitate.
1002 2730 1164 2771 Petrus
1201 2727 1440 2783 wayboda,
1482 2726 1566 2767 Dei
1604 2724 1751 2780 gratia
1789 2722 2003 2765 dominus

308 2808 453 2845 terrae
482 2802 814 2845 Moldaviensis.

450 2873 666 2928 Egregius
691 2872 954 2914 Theodorus
979 2882 1217 2925 supremus
1242 2868 1481 2923 logosetus,
1510 2864 1787 2907 consiliarius
1813 2862 2004 2904 intimus

306 2943 436 2985 nobis
467 2943 634 2985 sincere
665 2943 856 2984 dilectus
886 2941 1020 2983 rediit
1051 2954 1079 2981 a
1105 2939 1293 2981 Summo
1324 2938 1596 2992 imperatore
1626 2935 1890 2982 Tuscorum,
1924 2932 2004 2987 qui

309 3018 482 3068 septem
513 3014 604 3054 fere
634 3012 864 3054 mensibus
894 3011 1004 3052 inibi
1035 3009 1285 3065 agebatur;
1317 3008 1453 3049 refert
1484 3005 1614 3047 nobis
1645 3005 1845 3046 diversas
1875 3003 2004 3045 novi-
2016 3015 2056 3041 35

312 3087 445 3132 tates,
470 3096 583 3137 quas
603 3082 764 3124 Sacrae
789 3081 956 3136 Regiae
978 3074 1043 3122 Mti
1081 3078 1265 3121 domino
1288 3081 1444 3119 nostro
1467 3074 1790 3131 gratiosissimo
1816 3087 1897 3129 per
1920 3074 2002 3114 hos

312 3152 743 3195 nobilesSimonem
780 3151 1048 3193 hostiarium
1085 3154 1130 3191 et
1164 3149 1422 3203 Johannem
1459 3146 1713 3188 Literatum
1752 3145 2004 3193 Rutenum,
