2209 3643
170 203 229 227 20.
260 192 351 238 Jan.
388 185 498 241 1509]
947 192 1021 228 ΝΟ·
1050 201 1095 237 73
1817 205 1865 241 97

171 324 302 366 nobis
321 329 365 366 et
385 324 491 367 huic
511 336 646 378 regno
666 336 909 377 sacraeque
929 337 1119 367 coronae
1139 329 1319 365 nostrae
1339 324 1471 366 valde
1491 324 1867 367 detrimentosum

174 395 304 437 foret.
324 395 497 438 Idcirco
512 407 592 436 vos
607 394 846 435 hortamur
861 399 905 436 et
930 409 1154 450 rogamus,
1180 400 1230 437 ut
1255 409 1396 436 unum
1421 396 1633 437 nuntium
1657 400 1701 437 et
1725 396 1868 437 homi-

174 480 277 507 nem
331 472 534 508 vestrum
587 465 646 506 ad
700 465 848 519 ipsum
907 468 1189 521 waywodam
1255 466 1594 521 quamprimum
1653 467 1867 517 mittatis,

174 537 300 579 cuius
332 538 480 579 medio
515 536 827 592 persuadeatis
863 536 924 577 illi
959 539 1211 580 rationibus
1245 542 1289 579 et
1326 537 1410 579 viis
1445 538 1668 587 omnibus,
1704 538 1869 592 quibus

140 608 305 652 5vobis
338 608 569 650 videbitur
604 607 662 648 ad
699 621 792 648 rem
829 613 1033 650 nostram
1070 615 1115 651 et
1153 608 1287 650 huius
1323 609 1460 663 regni,
1482 622 1538 650 ne
1574 609 1868 664 ingrediatur,

174 679 252 720 sed
280 680 492 734 persistat
520 678 564 720 in
591 677 694 719 sede
722 692 816 726 sua,
846 693 926 719 nos
955 681 1074 721 enim
1102 694 1204 721 eum
1232 679 1415 720 minimo
1443 680 1762 734 derelinquere,
1792 680 1870 722 sed

174 750 285 792 totis
313 751 485 792 viribus
511 749 676 791 nostris
703 754 747 790 et
775 749 908 791 huius
935 752 1060 804 regni
1088 751 1235 793 eidem
1263 764 1517 792 succurrere
1545 751 1757 805 omnique
1786 765 1870 806 ope

174 825 218 862 et
245 821 414 863 auxilio
440 821 594 862 adesse
620 825 664 861 et
691 834 831 861 manu
858 825 1008 863 tenere
1035 837 1086 864 ac
1112 822 1350 863 defendere
1376 835 1479 863 cum
1505 822 1727 863 volumus

319 916 450 961 (Liber
477 915 737 950 formularum
767 915 1050 962 archiepiscopi
1078 916 1231 951 Nicolai
1259 915 1372 956 Olah,
1403 915 1469 950 fol.
1503 926 1585 960 127.
1620 916 1872 952 Bibliotheca

120 991 158 1017 10
174 979 398 1011 conventus
424 976 472 1009 de
496 975 626 1020 Jaszo.
654 975 726 1008 Ms.
753 974 828 1008 No.
856 975 930 1019 78.)

969 1128 1036 1169 73.

570 1235 820 1283 Kolozsvcir,
862 1247 929 1276 20.
969 1236 1187 1288 Ianuarii
1225 1249 1353 1290 1509.

175 1327 323 1366 Comes
344 1327 495 1365 Petrus
512 1325 819 1377 Szentgyorgyi
838 1327 1023 1365 vaivoda
1040 1327 1357 1378 Transylvanus
1377 1327 1428 1366 de
1446 1331 1574 1379 pacto
1592 1332 1634 1367 et
1652 1329 1873 1368 confoede-

442 1385 606 1424 ratione
634 1398 731 1424 cum
759 1386 966 1436 Bogdano
994 1386 1179 1425 vaivoda
1207 1386 1446 1425 Moldaviae
1474 1387 1602 1426 initis.

122 1513 160 1539 15
322 1485 514 1527 Nomine
531 1484 642 1540 regis
661 1489 697 1526 et
715 1484 801 1536 filii
819 1485 1046 1527 vaivodam
1064 1485 1113 1526 in
1132 1485 1332 1527 omnibus
1349 1485 1556 1540 periculis
1576 1490 1613 1528 et
1630 1485 1874 1528 invasioni-

179 1556 257 1598 bus
284 1556 503 1612 perpessis
530 1569 573 1597 se
599 1555 856 1597 adiuturum
882 1569 969 1598 esse
995 1556 1219 1611 promittit.

325 1663 420 1705 Nos
455 1676 604 1704 comes
640 1662 802 1704 Petrus
838 1676 985 1704 comes
1022 1663 1077 1704 de
1109 1663 1277 1705 Sancto
1312 1662 1504 1718 Georgio
1541 1667 1586 1704 et
1624 1663 1678 1705 de
1714 1663 1874 1719 Bozyn

179 1735 316 1777 iudex
355 1732 504 1776 curiae
539 1733 819 1776 Serenissimi
855 1733 1069 1789 principis
1107 1733 1278 1776 domini
1316 1733 1562 1782 wladislai,
1605 1733 1689 1775 Dei
1726 1734 1875 1789 gratia

179 1805 295 1861 regis
317 1804 592 1860 Hungariae‚
616 1804 861 1847 Bohemiae
899 1810 1000 1854 eto,
1043 1819 1216 1846 necnon
1237 1804 1445 1846 waivoda
1464 1804 1805 1860 Transylvanus
1827 1810 1873 1847 et

128 1892 164 1918 20
178 1876 430 1919 Siculorum
448 1889 610 1918 comes.
622 1875 1001 1931 Recognoscimus
1020 1889 1098 1931 per
1116 1882 1390 1931 praesentes,
1402 1875 1526 1930 quod
1543 1876 1651 1930 quia
1668 1889 1750 1917 nos
1769 1890 1873 1917 cum

178 1947 424 2003 Spectabili
465 1951 510 1989 et
553 1947 797 2003 Magnifico
839 1947 1022 1989 domino
1064 1946 1283 2002 Bogdano
1323 1946 1532 1988 waivoda
1574 1946 1873 1988 Moldaviensi

181 2023 367 2074 pactum
387 2022 432 2060 et
452 2017 893 2060 confoederationem
913 2017 1246 2073 infrascriptam
1265 2017 1398 2059 sicuti
1417 2022 1461 2059 et
1482 2017 1873 2072 quemadmodum

181 2094 439 2132 nostrorum
462 2089 699 2131 hominum
723 2093 768 2131 et
793 2089 1083 2130 familiarium
1107 2088 1269 2137 medio,
1296 2088 1362 2130 ita
1376 2088 1529 2143 vigore
1543 2088 1683 2130 etiam
1699 2088 1873 2130 littera-

182 2175 282 2202 rum
324 2165 582 2202 nostrarum
623 2160 825 2202 stabilire
866 2159 1136 2214 firmareque
1177 2163 1223 2200 et
1264 2159 1491 2201 ratificare
1532 2159 1782 2208 studentes,
1826 2159 1874 2201 id

122 2245 159 2272 25
183 2231 328 2273 eidem
370 2231 554 2273 domino
595 2231 815 2287 Bogdano
855 2231 1089 2273 waivodae
1129 2230 1250 2271 bona
1291 2229 1381 2271 fide
1422 2234 1579 2271 nostra
1620 2229 1875 2272 Christiana

183 2302 485 2358 promisimuS,
513 2306 565 2344 ut
592 2316 674 2344 nos
700 2302 846 2357 primo
872 2306 917 2343 et
945 2306 1051 2343 ante
1078 2301 1230 2342 omnia
1255 2300 1526 2342 fidelitatem
1552 2304 1755 2342 nostram
1782 2315 1876 2342 una

184 2387 287 2415 cum
314 2373 411 2428 ipso
438 2373 622 2415 domino
648 2373 868 2428 Bogdano
893 2372 1102 2414 waivoda
1126 2371 1334 2426 praefato
1360 2371 1543 2413 domino
1570 2375 1725 2413 nostro
1752 2371 1874 2413 Wla-

185 2444 327 2486 dislao
354 2444 460 2499 regi,
490 2448 629 2499 atque
658 2444 829 2486 Illustri
856 2443 1040 2486 domino
1068 2441 1313 2491 Ludovico,
1343 2441 1595 2483 Maiestatis
1619 2442 1736 2484 Suae
1763 2446 1876 2483 nato

186 2514 461 2564 charissimo,
501 2519 660 2557 contra
697 2528 852 2556 omnes
889 2519 933 2556 et
971 2513 1168 2569 singulos
1205 2512 1457 2554 Maiestatis
1492 2513 1608 2554 Suae
1646 2517 1690 2554 et
1729 2512 1875 2554 eidem

134 2599 168 2624 30
187 2585 370 2627 domino
393 2586 640 2634 Ludovico,
657 2585 762 2628 duci
775 2590 978 2641 tempore
1001 2584 1046 2626 in
1068 2588 1236 2626 eventu
1258 2583 1577 2638 impugnantes
1599 2587 1644 2624 et
1667 2583 1875 2625 resisten-

187 2661 256 2698 tes
285 2670 336 2698 ac
365 2656 505 2698 etiam
525 2656 790 2712 impugnare
810 2656 1028 2704 volentes
1052 2654 1277 2696 neminem
1307 2654 1568 2709 quempiam
1597 2653 1877 2708 excipientes

187 2726 297 2769 totis
325 2727 489 2769 nostris
503 2727 687 2776 viribus,
717 2726 947 2769 laboribus
974 2730 1018 2767 et
1048 2724 1267 2780 expensis,
1297 2739 1407 2779 pure
1435 2729 1479 2766 et
1507 2724 1676 2766 sincere
1703 2724 1876 2766 tenebi-

189 2811 290 2839 mus
326 2802 371 2839 et
409 2812 490 2840 nos
528 2812 710 2853 quoque
746 2797 891 2840 eidem
930 2796 1112 2838 domino
1149 2795 1381 2837 waivodae
1418 2794 1715 2837 Moldaviensi
1752 2795 1877 2836 omni

190 2868 358 2910 auxilio
401 2874 540 2924 atque
581 2868 866 2924 promotione
907 2867 976 2909 sui
1016 2866 1198 2908 honoris
1238 2871 1283 2907 et
1327 2870 1571 2920 augmento
1613 2879 1788 2920 semper
1829 2870 1874 2908 et

138 2951 174 2978 35
190 2938 372 2993 ubique,
398 2944 496 2981 tam
540 2939 708 2982 scilicet
753 2953 859 2994 erga
902 2937 1188 2980 Maiestatem
1235 2937 1436 2992 Regiam,
1484 2950 1623 2991 quam
1669 2935 1876 2978 dominos

191 3009 416 3064 praelatos
443 3015 488 3052 et
515 3010 706 3052 barones
734 3014 872 3064 atque
900 3021 1102 3063 proceres
1128 3007 1252 3062 regni
1278 3007 1411 3049 huius
1439 3006 1713 3061 Hungariae‚
1741 3006 1875 3048 simul

192 3094 295 3121 cum
322 3080 482 3135 capitis
509 3085 554 3123 et
581 3081 803 3122 bonorum
830 3084 1086 3121 nostrorum
1115 3077 1396 3133 appositione
1423 3077 1709 3119 dominorum
1735 3077 1875 3119 etiam

192 3155 237 3192 et
277 3150 523 3193 amicorum
561 3155 700 3206 atque
737 3149 867 3192 nobis
905 3148 1225 3191 famulantium
1263 3162 1406 3203 posse,
1446 3148 1620 3190 cunctis
1659 3148 1705 3190 in
1741 3149 1876 3189 rebus

253 3248 361 3276 Fontoe
379 3249 487 3275 Rerum
505 3249 788 3283 Transylvanicanun
809 3248 862 3274 IV.
1714 3247 1733 3281 7
