2209 3643
346 212 369 244 4
1099 192 1174 226 No.
1208 203 1230 234 4
1660 186 1732 241 [23.
1765 190 1902 224 Martii
1935 191 2040 236 1468

349 327 415 369 tia
433 331 477 369 et
494 325 777 367 subditorum
808 322 882 364 alii
899 321 1008 363 alios
1025 333 1157 375 opere
1172 320 1398 361 virtutum
1415 320 1679 361 antecellere
1694 320 2002 375 properabunt
2024 333 2036 370 ;

350 397 683 439 considerantes
722 394 876 447 itaque
914 391 1180 433 fidelitatem
1220 395 1264 431 et
1304 391 1452 432 fidelia
1491 390 1675 432 servitia
1713 390 1855 432 fidelis
1894 390 2037 432 nostri

351 466 574 522 Magnifici
621 464 795 506 Nicolai
841 463 1044 517 Chwpor‚
1090 461 1333 503 waiwodae
1378 461 1578 516 partium
1623 461 2037 516 Transylvanarum

350 538 472 592 regni
499 535 641 578 nostri
675 539 719 576 et
749 533 925 575 comitis
954 532 1205 574 Siculorum
1232 536 1503 581 nostrorum,
1534 545 1649 586 quae
1677 531 1797 573 idem
1823 531 1952 573 nobis
1991 531 2037 572 in

351 607 576 650 nonnullis
598 606 731 647 rebus
753 603 931 653 nostris,
956 603 1059 644 fidei
1082 616 1188 644 suae
1211 603 1458 644 commissis
1481 603 1539 643 ad
1561 602 1809 644 utilitatem
1831 607 1875 644 et
1898 603 2037 643 hono-

350 692 444 720 rem
470 682 676 719 nostrum
704 675 938 729 diligenter
964 673 1183 722 exhibuit,
1212 673 1248 714 is
1275 673 1442 728 quippe
1469 673 1681 714 Nicolaus
1719 673 1909 728 Chwpor
1932 672 2037 714 wai-

351 749 495 797 woda,
538 748 647 789 dum
687 745 991 800 superioribus
1019 744 1176 785 diebus
1203 749 1356 798 partes
1397 743 1652 785 Moldaviae
1694 757 1796 785 cum
1836 743 2038 785 exercitu

352 824 507 862 nostro
539 818 832 859 intrassemus
859 816 1010 870 ibique
1031 815 1230 870 quadam
1261 819 1395 856 nocte
1426 829 1528 856 cum
1557 814 1790 869 Stephano
1819 814 2037 856 waiwoda

351 888 646 932 Moldaviensi
694 887 954 929 conflictum
994 886 1321 934 habuissemus,
1372 890 1482 927 tunc
1530 885 1625 940 ipse
1672 885 1790 927 inter
1837 889 2037 926 caeteros

355 961 484 1002 aulae
514 964 696 1002 nostrae
722 958 886 1000 milites
917 971 998 1013 pro
1028 957 1197 998 honore
1217 961 1365 998 status
1385 956 1528 997 nostri
1560 969 1663 997 cum
1693 955 1901 997 hostibus
1932 960 2038 997 ante
2054 967 2098 993 102

355 1045 510 1073 omnes
535 1030 660 1079 alios,
687 1034 738 1071 ut
766 1029 917 1070 audax
942 1028 1011 1069 vir
1038 1027 1228 1069 certavit
1263 1027 1414 1081 ibique
1442 1031 1615 1082 septem
1641 1026 1829 1068 vulnera
1854 1026 2038 1068 lethalia

352 1102 611 1157 suscipiens,
635 1114 827 1155 quorum
849 1103 1056 1154 respectu
1070 1099 1115 1139 in
1130 1098 1329 1152 aliquam
1345 1111 1684 1152 recompensam
1705 1111 1889 1139 suorum
1910 1096 2038 1138 meri-

353 1178 504 1215 torum
552 1172 755 1213 volentes
791 1170 935 1212 eidem
970 1168 1326 1211 munificentiam
1362 1173 1566 1209 nostram
1601 1168 1768 1223 regiam
1804 1168 2039 1209 ostendere

352 1244 595 1291 liberalem,
620 1247 671 1283 ut
695 1242 788 1296 ipse
811 1241 870 1282 ad
904 1240 1088 1282 servitia
1121 1244 1277 1281 nostra
1299 1239 1510 1294 deinceps
1532 1239 1785 1294 promptior
1806 1239 2037 1288 reddatur,

353 1314 652 1370 possessiones
687 1313 789 1354 ka
827 1316 871 1353 et
908 1311 1095 1353 Zowath
1116 1315 1303 1352 vocatas
1335 1324 1438 1351 cum
1475 1310 1719 1351 earundem
1756 1309 2040 1365 pertinentiis
2056 1321 2103 1347 15v

357 1386 402 1427 in
433 1385 655 1427 comitatu
685 1384 740 1425 de
772 1383 913 1431 Colos,
946 1381 1244 1437 possessiones
1274 1381 1419 1430 Vissa‚
1454 1381 1625 1435 Magiar
1668 1381 1880 1436 Kallyan,
1926 1380 2042 1422 Olah

357 1456 569 1511 Kallyan,
601 1454 772 1509 Magiar
805 1453 998 1502 Sarmas,
1038 1452 1153 1494 Olah
1186 1452 1380 1501 Sarmas,
1418 1452 1718 1501 Azzonfalwa,
1757 1451 1873 1493 Olah
1909 1452 2039 1500 Bare,
2094 1496 2097 1499 Δ

357 1527 467 1568 item
510 1526 701 1568 directas
745 1528 788 1566 et
832 1525 1040 1578 aequales
1071 1523 1337 1564 medietates
1384 1522 1714 1577 possessionum
1768 1522 1954 1564 Zowath
1997 1525 2041 1563 et

358 1597 583 1639 Kethelen
613 1596 659 1637 in
689 1596 743 1637 de
775 1595 915 1643 Colos,
947 1608 1120 1635 necnon
1150 1593 1475 1648 possessionem
1505 1593 1678 1635 Omboz
1698 1597 1898 1642 vocatas,
1921 1593 1965 1633 in
1987 1592 2042 1634 de

359 1668 552 1710 Doboka
573 1666 864 1708 comitatibus
884 1665 1128 1707 existentes
1147 1664 1342 1714 habitas,
1371 1678 1487 1719 quae
1507 1665 1617 1706 alias
1637 1664 1829 1706 condam
1850 1663 2041 1705 Michae-
2057 1675 2101 1700 20·-

356 1739 408 1780 lis
432 1739 487 1780 de
509 1738 667 1779 eadem
687 1737 791 1779 ka
813 1737 1115 1792 praefuerant,
1140 1740 1184 1777 et
1209 1749 1324 1790 quae
1346 1749 1425 1791 per
1446 1740 1605 1777 notam
1627 1734 1907 1776 infidelitatis
1929 1734 2041 1775 eius-

356 1810 459 1851 dem
487 1813 760 1864 perpetuae.
785 1842 792 1849 .
818 1842 825 1849 .
857 1807 987 1848 iuxta
1015 1806 1252 1861 antiquam
1282 1811 1326 1848 et
1357 1807 1658 1862 approbatam
1687 1805 1886 1847 eiusdem
1919 1804 2042 1859 regni

355 1879 496 1922 nostri
540 1878 909 1921 consuetudinem
953 1878 1013 1919 ad
1052 1877 1236 1919 Sacram
1280 1877 1390 1919 dicti
1432 1877 1555 1932 regni
1597 1876 1739 1918 nostri
1783 1876 2042 1930 Hungariae

357 1964 567 1992 coronam
608 1954 1023 2004 consequenterque
1065 1948 1350 1990 collationem
1390 1952 1594 1989 nostram
1634 1947 1719 1988 rite
1760 1951 1804 1988 et
1846 1946 2042 2001 legitime

357 2022 596 2063 devolutae
618 2025 723 2062 sunt
745 2020 1009 2075 pridemque
1030 2019 1335 2061 mediantibus
1361 2018 1459 2060 aliis
1474 2017 1635 2060 litteris
1649 2017 1814 2059 nostris
1836 2016 2041 2059 donatio·
2058 2029 2096 2055 25

356 2092 532 2133 nalibus
567 2092 728 2133 exinde
764 2090 978 2132 confectis
1014 2090 1133 2131 fideli
1168 2094 1322 2131 nostro
1359 2089 1548 2144 Egregio
1580 2088 1747 2143 Joanni
1783 2088 1837 2130 de
1873 2087 2041 2129 Gezth1

357 2163 542 2218 dempta
564 2162 840 2217 possessione
859 2161 963 2203 ka
985 2161 1333 2209 contuleramus
1357 2160 1435 2202 sed
1457 2173 1577 2201 nunc
1600 2159 1780 2201 easdem
1802 2158 2041 2214 possessio-

357 2247 435 2275 nes
456 2247 534 2288 per
555 2233 781 2274 cambium
802 2232 992 2274 aliarum
1013 2231 1344 2287 possessionum
1365 2231 1424 2272 ab
1445 2230 1602 2272 eodem
1621 2230 1798 2284 Joanne
1820 2229 1875 2271 de
1897 2229 2042 2271 Gezth

360 2304 626 2353 auferentes,
679 2303 798 2358 ipsas
849 2307 1106 2358 praetactas
1153 2301 1481 2357 possessiones.
1506 2335 1513 2342 .
1538 2335 1545 2343 .
1600 2301 1804 2342 antefato
1857 2299 2043 2341 Nicolao

361 2374 561 2429 Chwpor‚
609 2374 850 2416 waiwodae
897 2373 1096 2429 partium
1143 2377 1399 2415 nostrarum
1446 2371 1859 2427 Transylvanarum
1907 2370 2039 2412 simul
2057 2383 2099 2410 30

361 2458 463 2486 cum
496 2445 668 2486 cunctis
697 2445 940 2486 earundem
968 2444 1243 2486 utilitatibus
1266 2448 1311 2485 et
1336 2442 1620 2498 pertinentiis
1644 2441 1918 2497 quibuslibet
1952 2455 2042 2482 me-

361 2519 536 2556 morato
569 2515 753 2557 Nicolao
787 2515 976 2570 Chwpor
1008 2515 1189 2570 suisque
1221 2513 1459 2556 heredibus
1492 2517 1536 2555 et
1569 2512 1914 2568 posteritatibus
1946 2511 2042 2553 uni-

361 2585 498 2626 versis
527 2585 676 2640 vigore
707 2586 897 2627 aliarum
926 2586 1179 2627 litterarum
1207 2588 1463 2626 nostrarum
1493 2583 1851 2625 donationalium
1880 2582 2043 2624 exinde

363 2656 669 2697 confectarum
705 2656 750 2697 in
784 2661 1053 2711 perpetuum
1088 2655 1408 2698 contulerimus
1457 2654 1735 2709 velimusque
1770 2653 1963 2696 eundem
1997 2652 2043 2693 in

364 2725 613 2767 dominium
654 2727 897 2768 earundem
936 2741 1014 2782 per
1049 2731 1255 2768 nostrum
1286 2730 1330 2767 et
1364 2729 1566 2767 vestrum
1605 2724 1809 2766 homines
1847 2723 2043 2778 legitime
2058 2735 2099 2762 35

364 2796 507 2837 iacere
526 2797 763 2838 introduci.
787 2797 930 2852 Igitur
944 2797 1174 2839 Fidelitati
1188 2797 1374 2838 Vestrae
1387 2796 1574 2837 firmiter
1592 2795 2042 2848 mandamus‚quate-

364 2879 447 2907 nus
476 2871 677 2908 vestrum
718 2867 916 2909 mittatis
945 2868 1174 2909 hominem
1203 2881 1285 2922 pro
1313 2866 1574 2909 testimonio
1603 2866 1691 2908 fide
1721 2866 1920 2920 dignum,
1953 2877 2043 2918 quo

365 2942 596 2990 praesente
626 2937 814 2979 Michael
846 2939 1054 2994 Kemeny
1072 2943 1151 2980 aut
1171 2938 1252 2979 alii
1269 2972 1276 2979 .
1300 2971 1308 2979 .
1332 2971 1340 2979 .
1361 2938 1497 2979 homo
1516 2942 1668 2978 noster
1686 2936 1745 2978 ad
1762 2935 1898 2977 facies
1916 2948 2043 2989 prae-

366 3006 632 3060 scriptarum
646 3008 974 3062 possessionum
986 3009 1102 3058 ka,
1119 3012 1177 3049 etc
1190 3043 1196 3050 .
1211 3043 1218 3050 .
1234 3043 1241 3049 .
1259 3008 1518 3049 introducat
1534 3007 1791 3063 praefatum
1807 3005 2044 3048 Nicolaum

2075 615 2099 640 <fl

480 3205 485 3209 Ι
508 3155 520 3175 1
550 3155 597 3191 In
625 3159 898 3202 transsumpto
925 3157 1019 3191 anni
1049 3159 1157 3195 1681.
1186 3158 1375 3192 mendose
1403 3158 1536 3192 Bezer.
2058 3169 2100 3195 ω
