2209 3643
267 190 339 234 248
962 186 1036 221 No,
1059 195 1254 229 204—205
1673 180 1721 234 [7.
1743 185 1832 230 Jan.
1858 195 1953 230 1535

1062 334 1159 375 204„

764 445 975 498 Pozsony,
1006 457 1044 498 7.
1075 444 1108 497 J
1111 444 1291 486 anuarii
1318 455 1444 498 1535.

468 536 664 575 Sidonius
696 534 981 585 Pemfflinger1
1013 534 1278 573 Ferdinando
1309 535 1340 573 I.
1374 534 1459 585 regi
1490 534 1746 585 Hungariae.

409 636 474 676 De
503 634 650 689 legatis
680 648 704 675 a
734 633 927 675 vaivodis
955 633 1207 675 Moldaviae
1236 637 1273 674 et
1307 633 1540 675 Valachz‘ae
1570 633 1730 675 missis.

410 742 508 782 Hoc
560 740 735 795 vesperi
784 740 960 795 appulit
1008 740 1207 794 Joannes
1268 739 1500 794 presbiter,
1565 740 1823 795 capellanus
1874 732 1954 781 R'ni
1993 752 2010 777 5

263 812 435 854 domini
490 811 932 859 Transsilvaniensis,
967 824 1102 865 quem
1138 810 1183 852 in
1218 810 1564 866 Transalpinam
1594 815 1640 852 et
1678 809 1955 852 Moldaviam

263 883 462 931 miserat,
492 886 537 923 et
579 895 682 922 cum
721 895 774 923 eo
801 881 926 923 venit
954 881 1141 936 quidam
1180 885 1332 923 orator
1370 881 1610 923 Moldavus
1636 881 1696 923 ad
1723 878 1826 923 Mtem
1853 881 1954 922 Vram

263 953 532 995 destinatus.
579 952 732 994 Habet
774 952 977 994 iumenta
1017 952 1146 994 fessa.
1191 952 1297 994 Cras
1337 952 1560 994 Viennam
1601 952 1825 1007 attingere
1864 965 1955 993 non

262 1024 445 1079 poterit,
485 1023 578 1073 sed,
611 1023 742 1064 credo
776 1022 1063 1078 pernoctabit
1100 1023 1147 1064 in
1172 1022 1510 1064 Fischamend.2
1532 1022 1668 1065 Cuius
1705 1022 1956 1065 adventum

263 1095 388 1136 volui
418 1094 524 1136 dare
561 1094 620 1135 ad
648 1094 812 1135 scitum
841 1087 922 1135 Mtis
950 1094 1069 1143 Vm:
1099 1093 1310 1135 videatur
1349 1093 1461 1135 mihi
1499 1107 1590 1135 non
1630 1093 1747 1135 male
1787 1097 2009 1142 actum,10

262 1170 314 1207 ut
339 1169 539 1207 oratores
574 1158 656 1206 Mtis
677 1165 766 1207 Vrae
797 1165 856 1206 ad
878 1164 1142 1206 Moldavum
1179 1164 1393 1206 destinati
1428 1164 1600 1206 interea
1633 1164 1956 1213 detinerentur,

262 1250 318 1278 ne
346 1236 534 1278 ulterius
555 1235 943 1291 progrederentur,
971 1235 1235 1290 priusquam
1256 1235 1469 1277 Maiestas
1488 1235 1560 1276 Vra
1574 1235 1712 1276 istum
1733 1238 1958 1276 oratorem

263 1307 440 1348 audiret
459 1320 467 1356 ;
485 1311 568 1348 etc.

410 1378 585 1419 Datum
611 1377 804 1426 Posonii,
831 1377 902 1419 die
927 1389 965 1431 7.
989 1376 1209 1431 Januarii.
1236 1377 1369 1418 Anno
1395 1387 1519 1430 1535.

411 1471 636 1515 (Originale.
655 1471 941 1511 Staatsarchiv,
962 1471 1086 1504 VVien.
1107 1470 1348 1515 Hungarica.
1381 1470 1520 1505 Edidit
1536 1480 1542 1504 1
1575 1470 1722 1504 Archiv
1741 1471 1808 1504 des
1825 1470 1956 1505 Verei-
1973 1482 2008 1508 15

263 1541 332 1565 nes
353 1530 416 1564 fur
435 1531 782 1575 siebenbiirgische
803 1530 1095 1565 Landeskunde
1114 1530 1191 1564 vol.
1218 1541 1277 1572 29.
1301 1540 1390 1576 pag.
1417 1531 1518 1575 537.)

1061 1682 1159 1724 205.

786 1791 926 1839 Wien,
960 1802 1027 1831 20.
1060 1790 1277 1844 januarii
1308 1801 1434 1843 1535.

384 1883 674 1921 Ferdinandus
699 1883 729 1921 Ι.
756 1894 827 1920 rex
852 1880 1093 1932 Hungariae
1117 1880 1310 1919 Ladislao
1332 1880 1552 1932 Drakulya
1574 1881 1625 1919 de
1645 1880 1840 1919 Semtest.

411 1982 646 2023 Renovatio
670 1994 889 2022 armornm
911 1979 1084 2034 Egregz'i
1105 1978 1304 2020 Ladztslazss
1326 1978 1569 2032 Drakulya.

890 2097 984 2138 Nos
1010 2096 1323 2138 Ferdinandus
1347 2100 1430 2138 etc.
1466 2095 1709 2137 Memoriae
1738 2108 1961 2137 commen-
1976 2119 2013 2145 20

751 2260 760 2289 -t
833 2252 944 2280 suev
947 2238 1062 2279 erint
1100 2237 1324 2292 principes
1373 2251 1612 2292 rerumque
1657 2237 1964 2278 moderatores

834 2308 1121 2350 subditorum
1153 2322 1337 2350 suorum
1371 2308 1565 2349 virtutes
1597 2321 1649 2349 ac
1675 2307 1837 2349 merita
1872 2320 1963 2348 non

835 2380 980 2421 solum
1010 2379 1282 2420 liberalitate
1314 2392 1365 2420 ac
1391 2379 1602 2433 praemiis
1627 2377 1851 2433 prosequi,
1888 2391 1963 2418 ve-

757 2448 784 2508 ἰ,
835 2464 936 2492 rum
966 2450 1105 2491 etiam
1143 2450 1331 2504 gloriam
1367 2450 1593 2504 decusque
1623 2463 1778 2491 eorum
1804 2462 1962 2490 monu-
1977 2471 2013 2498 25

734 2529 736 2531 ’
837 2521 1002 2562 mentis
1038 2521 1294 2562 litterarum
1338 2520 1397 2561 ad
1427 2524 1631 2575 posteros
1678 2519 1958 2561 diffundere:

757 2582 764 2593 ’
837 2592 958 2632 hunc
979 2591 1202 2632 bonorum
1217 2590 1472 2646 principum
1499 2604 1669 2631 morem
1695 2589 1864 2630 imitari
1884 2602 1961 2630 vo-

839 2662 996 2710 lentes,
1019 2676 1122 2703 cum
1149 2661 1291 2703 fidelis
1315 2666 1468 2702 noster
1494 2661 1709 2716 Egregius
1728 2659 1962 2701 Ladislaus

269 2730 504 2785 Drakulya
540 2731 594 2772 de
627 2731 933 2773 Semtheesth1
976 2732 1105 2773 nobis
1143 2732 1440 2787 supplicasset
1474 2736 1613 2785 atque
1652 2730 1791 2771 etiam
1842 2742 1961 2770 com-

420 2860 433 2880 1
458 2860 599 2895 Frater
625 2861 708 2895 eius
730 2861 888 2895 Marcus
912 2862 1143 2895 nominatur
1166 2861 1241 2895 hoc
1265 2864 1445 2905 tempore
1468 2860 1542 2903 (19.
1563 2858 1659 2904 Julii
1687 2858 1796 2903 1534)
1825 2869 1848 2892 a
1872 2868 1961 2902 rege
1976 2871 2012 2897 30

273 2916 526 2952 Ferdinando
573 2919 653 2952 iam
689 2919 923 2963 Magnificus
968 2920 1126 2954 Marcus
1160 2919 1413 2963 Pemfflinger
1458 2918 1556 2952 baro
1602 2917 1642 2950 in
1689 2917 1875 2951 Chichwa
1921 2919 1961 2951 et

274 2974 477 3019 KykeleW.
577 2978 590 2997 2
618 2977 823 3022 Scriptum
854 2979 1066 3011 mendose:
1099 2978 1394 3023 Vyschemynd.

419 3034 432 3054 1
454 3034 531 3068 Hic
553 3046 681 3080 pagus
702 3036 783 3070 iam
804 3047 883 3070 non
904 3037 1041 3070 existit
1057 3047 1064 3076 ;
1091 3037 1159 3071 sed
1178 3037 1275 3081 quia
1306 3035 1514 3079 Drakulya
1545 3033 1624 3068 fuit
1656 3033 1961 3068 commendatus

273 3101 343 3134 per
386 3092 518 3126 virum
562 3093 883 3139 Transylvanum
928 3095 1139 3128 verisimile
1168 3105 1295 3140 pagus
1326 3092 1664 3138 Transylvanicus
1695 3095 1792 3132 erat,
1826 3092 1963 3126 forsan

268 3148 472 3194 Sintyesu,
488 3150 631 3196 ,lingua
651 3152 882 3197 Hungarica
900 3153 1125 3198 Solyomko,
1148 3153 1188 3187 in
1209 3153 1405 3187 comitatu
1419 3151 1753 3186 Szolnokdoboka
1772 3151 1960 3185 existens.
