2209 3643
224 217 286 252 27.
310 207 409 253 Aug.
436 202 547 257 1538]
924 209 999 243 No.
1024 207 1227 252 238-—239
1854 210 1923 251 285

1033 360 1131 401 238.

688 469 970 525 Scirospatak‚
1005 484 1072 525 27.
1111 472 1302 527 Augusti
1334 473 1460 525 1538.

220 559 408 610 Joannes
432 560 547 599 Pecsi
569 561 836 612 praepositus
857 562 1054 600 ecclesiae
1077 562 1344 601 Lelesziensis
1365 561 1537 612 Caspari
1562 561 1704 601 Seredi
1738 562 1923 613 partium

700 619 943 670 Hungariae
963 621 1187 672 superioris
1208 622 1442 673 capitaneo.

191 732 209 757 5
368 717 458 759 Rex
482 718 632 773 copias
655 731 760 759 suas
783 732 883 759 cum
907 720 1090 760 exercitu
1122 720 1326 761 vaivodae
1367 720 1602 762 Valachiae
1642 721 1698 762 ad
1736 721 1924 763 Turcam

227 787 540 830 devincendum
563 789 674 830 unit.
701 789 767 830 De
790 793 1009 844 apparatu
1033 791 1236 832 vaivodae
1260 791 1315 832 M
1318 791 1526 833 oldaviae.

369 896 532 938 Caesar
561 896 811 939 Turcarum
842 897 888 938 in
918 897 1071 952 vigilia
1101 898 1438 953 Assumptionis
1468 897 1663 953 Virginis
1693 898 1922 941 Gloriosae

221 967 349 1008 venit
387 967 446 1009 ad
482 967 761 1009 Danubium.
802 968 963 1009 Nullus
1000 970 1148 1012 adhuc
1181 983 1227 1011 se
1247 973 1467 1011 moverat.
1510 970 1652 1025 Regia
1688 970 1922 1013 Maiestas¹

224 1038 523 1094 coniungetur
543 1052 646 1080 cum
667 1039 902 1094 waywoda
922 1039 1233 1096 Transalpino,
1266 1041 1343 1096 qui
1375 1039 1552 1082 obsides
1583 1040 1713 1083 dabit
1737 1054 1923 1084 uxorem

169 1121 206 1148 10
224 1114 270 1151 et
296 1109 409 1151 filios
434 1109 527 1164 regi
552 1114 721 1152 nostro.
750 1110 991 1152 Moldavus
1016 1112 1126 1154 totis
1152 1111 1324 1153 viribus
1349 1125 1395 1153 se
1416 1111 1609 1167 collegit,
1633 1113 1924 1155 conflicturus

224 1194 328 1222 cum
353 1181 515 1230 Turca,
537 1181 574 1223 si
594 1194 641 1223 se
670 1181 729 1223 ab
757 1195 810 1224 eo
839 1182 998 1237 impeti
1028 1183 1205 1224 viderit.
1238 1183 1385 1224 Turca
1413 1195 1652 1238 nunquam
1682 1184 1814 1234 vires,
1846 1183 1924 1225 ubi

224 1265 436 1307 praesens
476 1256 588 1301 erat,
630 1252 824 1295 minores
864 1268 1004 1309 quam
1044 1267 1178 1303 nunc,
1219 1254 1394 1296 habuit.
1436 1253 1547 1309 Apti
1588 1254 1706 1297 bello
1757 1254 1923 1296 milites

223 1336 466 1366 numerum
499 1336 592 1365 non
625 1324 853 1366 excedunt
899 1325 954 1367 80
995 1324 1148 1374 millia,
1181 1324 1379 1379 Janiceri
1412 1338 1504 1366 non
1536 1329 1644 1367 sunt
1679 1325 1800 1367 ultra
1844 1339 1923 1368 sex

224 1393 377 1436 millia.
409 1394 572 1449 Sophis
593 1398 637 1436 et
662 1395 761 1437 Rex
792 1396 1030 1437 Persarum
1052 1395 1290 1438 imminent
1312 1395 1499 1451 imperio
1530 1396 1714 1438 Turcae.
1740 1396 1864 1438 Haec
1897 1411 1923 1438 a

170 1476 206 1502 15
227 1464 348 1520 Rege
382 1465 596 1507 intellexi.

523 1556 856 1602 (Autographum.
893 1557 1178 1597 Staatsarchiv,
1219 1557 1344 1591 XVien.
1384 1558 1641 1602 Hungarica.)

1025 1711 1122 1753 239.

770 1821 895 1870 Vdez,
925 1832 994 1872 31.
1028 1821 1218 1877 Augusti
1247 1822 1372 1874 [538.

219 1910 461 1962 Stephanus
483 1910 703 1949 Broderics
725 1910 945 1962 episcopus
967 1911 1181 1949 Vaciensis
1204 1911 1471 1951 Ferdinando
1495 1912 1527 1951 Ι.
1553 1912 1638 1964 regi
1662 1913 1916 1964 Hungariae.

168 2034 206 2060 20
994 2021 1140 2076 Jesus.

362 2116 449 2157 Per
479 2116 707 2158 vaivodam
743 2116 994 2158 Moldaviae
1017 2116 1183 2157 Turcas
1215 2120 1394 2159 retentos
1420 2131 1507 2159 esse
1543 2119 1737 2171 refertur,
1774 2120 1851 2174 qui
1882 2124 1919 2161 et

220 2187 415 2243 seipsum
452 2191 489 2229 et
515 2187 743 2229 vaivodam
774 2186 1008 2228 Valackiae
1034 2186 1347 2229 hortationibus
1373 2192 1523 2230 teneat.

363 2281 651 2323 Serenissime
686 2281 911 2337 Princeps,
949 2281 1155 2331 Domine,
1191 2281 1372 2323 domine
1403 2283 1771 2326 Clementissime.
1809 2285 1917 2327 Post

220 2352 454 2394 servitutis
489 2366 615 2394 meae
649 2352 949 2394 humillimam
984 2352 1469 2408 commen[dationem].

165 2434 200 2460 25
367 2423 516 2465 Hodie
555 2428 776 2465 venerunt
817 2423 876 2465 ad
914 2437 986 2464 me
1024 2423 1134 2465 haec
1173 2437 1306 2472 nova,
1348 2438 1464 2478 quae
1514 2425 1666 2479 potuit
1717 2425 1807 2467 iam
1847 2427 1918 2468 Vra

220 2494 433 2536 Maiestas
463 2494 747 2548 intellexisse]
787 2508 843 2535 ex
886 2493 1070 2535 domino
1112 2494 1276 2549 Lasky,
1309 2495 1387 2549 qui
1418 2500 1468 2536 ut
1500 2495 1649 2550 pedes,
1682 2496 1747 2538 ita
1777 2497 1917 2539 etiam

221 2578 382 2606 manus
422 2565 561 2607 habet
603 2579 674 2607 me
714 2565 844 2619 longe
884 2564 1172 2619 velo[ci]ores,
1220 2565 1414 2607 Turcam
1453 2566 1659 2608 nondum
1700 2567 1916 2610 transisse

221 2635 500 2685 Danubium,
526 2640 572 2677 et
597 2635 721 2690 quod
742 2649 882 2677 naves
906 2635 946 2677 ei
970 2635 1194 2677 defuerint
1219 2640 1305 2685 tot,
1332 2640 1444 2691 quot
1469 2641 1598 2679 erant
1622 2638 1913 2681 necessariae.

222 2706 297 2756 Et,
325 2706 448 2760 quod
472 2706 712 2748 Moldavus
737 2710 918 2748 strenue
937 2720 1039 2747 eum
1064 2705 1227 2748 retinet
1255 2706 1386 2761 cu[m]
1416 2707 1568 2749 valido
1593 2708 1808 2758 exercitu,
1835 2723 1916 2751 nec

166 2787 202 2814 30
220 2777 445 2831 permittit
477 2791 580 2818 eum
607 2777 811 2819 transire.
846 2776 998 2818 Habet
1030 2777 1202 2818 Turcus
1233 2777 1356 2832 apud
1379 2815 1461 2819 ---
1491 2792 1642 2820 meum
1674 2784 1914 2829 oratorem,

220 2861 299 2902 per
325 2861 460 2902 quem
485 2847 686 2902 intelligo
712 2848 860 2903 ipsum
884 2847 1116 2888 nuntiasse
1141 2847 1180 2888 ei
1205 2847 1373 2889 bonam
1404 2848 1698 2903 am[icitiam],
1725 2849 1804 2891 sed
1828 2849 1909 2899 ita,

219 2922 270 2959 ut
308 2918 573 2960 Moldavum
610 2918 722 2960 nolit
762 2918 852 2960 ullo
889 2917 1024 2959 modo
1062 2917 1292 2967 adiuvare,
1331 2932 1412 2960 nec
1450 2919 1496 2960 in
1533 2920 1911 2975 Transylvaniam

219 2988 476 3038 admittere,
507 2989 633 3030 cuius
663 2988 914 3043 castigandi
942 3002 1078 3030 causa
1107 2993 1151 3030 et
1181 2988 1275 3043 ipse
1304 2989 1471 3038 veniat,
1503 2989 1608 3039 imo,
1639 2996 1690 3032 ut
1720 2991 1845 3040 velit,
1875 2992 1912 3033 si

222 3059 460 3100 Moldavus
494 3059 539 3101 in
573 3059 949 3114 Transylvaniam
983 3059 1090 3113 fuga
1123 3072 1168 3100 se
1203 3059 1418 3108 conferat,
1455 3074 1558 3101 eum
1593 3074 1752 3116 capere
1785 3066 1830 3104 et
1865 3062 1911 3103 in

367 3187 381 3208 ¹
403 3186 587 3222 Intendit
608 3188 805 3233 Joannem
828 3197 971 3232 regem.

1949 911 1994 938 14.
2020 901 2103 941 Aug.
