2209 3643
293 219 366 243 210
1053 206 1127 240 No.
1154 206 1222 239 168
1671 200 1746 254 [20.
1767 205 1864 239 Maii
1887 215 1984 249 1530

292 333 359 381 Mn·
392 339 483 380 Vrae
523 338 674 379 Serum*
704 341 753 378 ut
784 335 1078 377 consideratis
1123 335 1291 389 partim
1337 335 1532 376 servitiis
1576 334 1725 377 dictae
1771 335 1985 385 civitatis,

291 410 459 465 partim
501 408 639 450 etiam
682 406 806 454 meis,
851 405 1063 460 dignetur
1104 405 1369 459 vigesimam
1412 409 1696 460 praetactam
1738 406 1988 461 relinquere

292 479 416 535 apud
436 478 616 520 eosdem
638 477 757 518 cives
793 489 873 530 pro
895 475 1238 518 conservatione
1260 476 1475 525 civitatis,
1498 490 1615 531 quae
1636 489 1727 517 non
1748 477 1988 519 minimum

292 549 465 592 servitii
501 542 570 589 Mti
609 548 698 589 Vrae
721 547 864 588 Sernw
902 546 1109 588 exhibuit
1143 550 1187 587 et
1214 546 1353 588 etiam
1391 547 1678 588 servitiorum
1728 550 1987 590 nostrorum

292 620 457 662 habere
482 618 720 667 rationem,
748 622 800 659 ut
828 621 1101 672 cognoscant
1129 616 1241 658 dicti
1267 617 1387 659 cives
1414 631 1562 660 meam
1589 631 1768 673 quoque
1793 618 1986 660 servitu-
2024 629 2040 654 5

292 696 386 732 tem
428 683 496 731 Mti
539 690 629 730 Vsde
657 688 799 730 Sermae
854 688 977 730 cordi
1021 701 1127 730 esse.
1174 688 1322 742 Quam
1365 689 1488 730 Deus
1519 688 1732 743 Optimus
1762 689 1989 731 Maximus

293 761 545 802 diutissime
567 759 625 801 ad
644 764 755 801 vota
775 773 857 801 sua
877 764 1112 801 conservet
1132 758 1399 808 felicissime,
1422 759 1493 801 cui
1511 773 1663 801 rursus
1683 773 1783 801 mea
1803 760 1988 802 servitia

292 831 430 874 etiam
449 835 588 885 atque
606 829 746 872 etiam
763 829 1014 872 humillime
1033 829 1313 872 commendo.

438 902 509 943 Ex
557 902 767 956 Fogaras,
817 901 928 942 feria
975 900 1136 955 quinta
1183 905 1285 956 post
1333 900 1500 942 festum
1548 901 1719 942 Beatae
1779 901 1986 956 Sophiae.

293 974 426 1014 Anno
453 984 576 1026 1530.
2005 984 2041 1010 ιο

431 1042 646 1085 Eiusdem
703 1043 793 1084 Vrae
842 1042 985 1084 Sermae
1036 1035 1117 1083 Mtis
1164 1042 1377 1084 minimus
1425 1056 1477 1084 ac
1532 1047 1778 1097 perpetuus
1835 1056 1990 1085 servus

1369 1137 1628 1192 Stephanus
1655 1137 1848 1192 Maylad,
1873 1151 1987 1192 mpr.

432 1251 667 1290 Intitulatio
686 1264 698 1290 .·
738 1251 860 1290 Serum
887 1250 1064 1302 principi
1099 1250 1270 1288 domino
1298 1263 1403 1295 meo,
1434 1250 1618 1295 domino,
1648 1250 1820 1289 domino
1848 1251 1988 1289 Ferdi-

295 1311 450 1356 nando,
479 1310 723 1361 Hungariae
750 1323 797 1349 ac
824 1310 1053 1349 Bohemiae
1080 1313 1158 1348 ete.
1187 1310 1284 1360 regi.
1313 1310 1496 1348 Domino
1522 1310 1625 1348 mihi
1651 1310 1987 1349 clementissimo.

434 1409 768 1454 (Autographum.
804 1409 1091 1448 Staatsarchiv,
1129 1409 1254 1441 VVien.
1294 1408 1534 1453 Hungarica.
1559 1408 1722 1442 Edidit:
1755 1409 1903 1442 Archiv
1923 1409 1992 1444 des
2006 1420 2041 1446 15

295 1469 482 1503 Vereines
516 1468 580 1502 fur
611 1468 960 1514 siebenburgische
989 1468 1283 1503 Landeskunde
1312 1467 1389 1501 vol.
1417 1468 1475 1501 28.
1499 1478 1588 1512 pag.
1616 1468 1718 1512 479.)

1083 1654 1182 1697 168.

842 1776 1017 1824 Βναεεό,
1051 1787 1118 1817 20.
1152 1775 1275 1816 Maii
1305 1787 1431 1828 1530.

525 1867 732 1906 Martinus
768 1867 978 1918 Sydonius
1017 1866 1261 1905 secretarius
1301 1866 1440 1905 Marco
1481 1866 1762 1917 Pemfflinger.

440 1977 505 2018 De
534 1991 666 2018 causa
696 1977 959 2032 irruptionis
989 1977 1193 2018 vaivodae
1221 1977 1474 2018 Moldaviae
1516 1977 1564 2018 in
1607 1976 1988 2030 Transylvaniam.
2007 2002 2044 2028 20

441 2095 660 2137 Venimus
696 2096 811 2137 salvi
849 2110 1005 2138 omnes
1043 2095 1333 2137 Brassoviam
1372 2108 1438 2137 20.
1479 2096 1599 2137 Maii.
1640 2096 1874 2137 Hactenus
1910 2108 1992 2136 nos

297 2166 488 2220 pecunia
511 2167 770 2216 remoravit,
796 2166 919 2221 quod
942 2167 1046 2208 hinc
1060 2167 1180 2208 exire
1195 2180 1286 2208 non
1302 2166 1546 2221 potuimus.
1573 2167 1679 2209 Cras
1702 2166 1798 2207 Deo
1821 2179 1991 2207 annum

298 2242 404 2279 ante
431 2237 665 2292 inceptum
686 2238 771 2279 iter
789 2237 1172 2279 continuabimus.
1197 2272 1204 2279 .
1230 2238 1262 2279 .1
1284 2237 1476 2286 Dicitur,
1498 2242 1550 2278 ut
1578 2238 1739 2279 Petrus
1765 2235 1994 2278 aurifaber

294 2308 660 2363 Segesvariensis,
703 2322 806 2350 cum
845 2308 1009 2363 elapsis
1049 2308 1207 2350 diebus
1246 2308 1550 2363 superioribus
1589 2308 1661 2349 hic
1701 2307 1874 2356 fuisset,
1915 2320 1994 2362 per

297 2378 532 2420 dominum
564 2379 817 2422 Antonium
850 2379 1131 2421 aurifabrum
1152 2379 1275 2420 iussu
1300 2378 1478 2421 iudicis²
1511 2384 1580 2420 ter
1610 2378 1833 2420 invitatus
1858 2377 1992 2419 fuerit
2007 2389 2044 2414 25

297 2449 526 2504 variisque
540 2449 699 2499 modis,
716 2454 814 2491 tam
829 2450 992 2499 verbis,
1009 2464 1149 2505 quam
1164 2449 1285 2499 iocis,
1309 2450 1541 2505 quaesitus
1565 2449 1702 2491 fuerit
1727 2449 1782 2491 de
1802 2447 1992 2503 negotiis

298 2519 675 2562 Moldaviensium
713 2534 818 2575 erga
854 2521 1198 2563 Transsilvanos
1235 2525 1280 2562 et
1304 2520 1668 2563 Transsilvaniae
1704 2518 1993 2574 magnatibus

298 2604 402 2645 erga
428 2591 756 2633 Moldavienses
777 2604 787 2640 ;
823 2605 925 2633 cum
947 2591 1060 2633 nihil
1080 2591 1150 2633 his
1173 2591 1347 2633 artibus
1382 2591 1620 2633 extorsisse
1644 2589 1890 2645 potuerint,
1915 2602 1993 2643 po-

299 2666 467 2702 stremo
483 2662 654 2716 poculis
670 2666 847 2703 tentare
863 2662 1126 2711 decrevisse,
1144 2663 1297 2716 itaque
1313 2662 1485 2703 dictum
1507 2663 1692 2703 Petrum
1713 2659 1993 2701 aurifabrum

300 2732 581 2785 respondisse
623 2732 714 2773 iam
755 2732 862 2774 vino
904 2732 1124 2774 obrutum
1165 2737 1400 2787 magnates
1439 2732 1484 2773 in
1524 2744 1660 2773 causa
1691 2730 1844 2778 fuisse,
1870 2729 2043 2784 quodzxo

301 2801 540 2844 Moldavus
590 2802 635 2843 in
684 2803 1070 2844 Transsilvaniam
1120 2803 1312 2851 irruerit,
1364 2802 1461 2843 illos
1510 2814 1707 2855 namque
1757 2799 1993 2841 Moldavos

300 2885 526 2922 evocasse,
560 2873 847 2927 potissimum
878 2887 985 2915 vero
1017 2872 1399 2928 Magnificentiam
1442 2872 1541 2913 Vram
1586 2871 1766 2925 culpam
1810 2871 1990 2919 habere,

304 2943 425 2995 quod
458 2947 502 2984 et
536 2957 655 2985 nunc
689 2944 1025 2998 Magnificentia
1057 2944 1127 2984 Vra
1173 2943 1436 2985 Moldavum
1481 2955 1658 2983 rursum
1691 2954 1857 2995 magna
1890 2955 1993 2983 curn

303 3024 382 3065 spe
414 3018 571 3054 evocet
605 3018 743 3068 atque
776 3014 1002 3063 sollicitet,
1036 3018 1088 3056 ut
1122 3013 1378 3068 egrediatur
1409 3025 1580 3066 nosque
1613 3011 1857 3053 adoriatur.
1894 3012 1992 3054 Hoc

443 3174 455 3194 1
480 3176 678 3210 ‘Viennam
710 3186 858 3210 versus.
945 3176 958 3197 ²
974 3177 1102 3210 Lucas
1129 3176 1318 3210 Hirscher
1348 3175 1469 3210 iudex
1495 3175 1739 3209 Coronensis.
2007 3187 2042 3213 35
