2209 3643
260 195 330 238 164
1018 191 1093 226 No.
1120 201 1188 225 122
1680 187 1828 242 [Martii
1851 194 1946 238 1528

257 322 511 364 Moldaviae
548 325 797 376 acceperat,
834 320 1124 374 respondebit
1162 320 1371 362 dominus
1408 326 1574 371 orator,
1612 335 1797 364 causam
1832 323 1949 364 hanc

258 406 437 448 quoque
466 391 523 432 ad
552 391 802 432 adventum
826 390 942 431 Suae
982 384 1063 431 Mtis
1101 391 1147 431 in
1175 405 1390 446 magnum
1419 392 1637 434 ducatum
1678 392 1949 435 Lithuaniae

256 465 483 505 reiectam.
518 462 628 503 Cum
659 461 779 502 enim
807 460 897 502 Sua
927 461 1142 502 Maiestas
1171 462 1276 504 illuc
1306 463 1480 504 venerit
1511 468 1556 504 et
1587 463 1799 506 dominus
1829 464 1948 505 voie-

256 535 376 576 voda
412 532 667 574 Moldaviae
703 531 915 573 nuntium
953 545 1086 573 suum
1122 531 1227 575 illuc
1263 533 1449 582 miserit,
1487 547 1578 575 non
1614 535 1808 590 negliget
1847 549 1948 577 cum

257 605 369 646 duce
398 602 732 645 Visnievecensi
759 601 982 644 iustitiam
1012 603 1215 645 debitam
1243 604 1401 646 facere.
1987 631 2004 656 5

401 676 467 716 De
493 674 678 723 iniuriis,
706 673 934 716 violentiis
958 687 1011 715 ac
1035 675 1204 729 rapinis
1228 689 1283 717 ex
1309 675 1539 717 Moldavia
1563 676 1757 718 subditis
1785 676 1950 731 Regiae

258 740 339 787 Mtis
377 746 467 787 iam
506 745 680 798 pridem
707 743 859 794 illatis,
887 745 924 786 si
951 746 1271 800 opportunitas
1298 747 1515 802 temporis
1543 746 1753 797 adfuerit,
1783 748 1950 802 poterit

257 817 546 872 expostulare
578 820 731 857 orator
762 820 807 857 et
840 821 1050 858 tractare.

401 888 553 929 Etiam
581 886 635 928 de
661 892 859 942 quatuor
883 887 1001 929 villis
1027 888 1072 928 in
1100 887 1296 930 Pokucie
1321 887 1584 943 interceptis
1609 889 1777 943 poterit
1804 902 1948 943 agere,

257 958 293 999 si
314 963 470 1013 aptam
490 958 548 999 ad
566 958 651 1000 hoc
669 958 951 1000 occasionem
970 958 1148 1000 viderit.
1969 984 2004 1011 10

401 1030 526 1071 Haec
554 1034 599 1071 et
628 1034 806 1071 caetera
832 1029 952 1071 idem
980 1029 1192 1071 dominus
1219 1034 1372 1071 orator
1398 1043 1479 1085 pro
1506 1043 1589 1071 sua
1616 1030 1860 1085 prudentia
1887 1031 1954 1072 ita

256 1100 471 1142 extendet
493 1106 537 1143 et
560 1100 885 1149 moderabitur,
908 1106 1043 1156 prout
1064 1115 1148 1150 res,
1171 1105 1353 1156 tempus
1374 1105 1419 1142 et
1441 1100 1640 1155 dignitas
1672 1094 1754 1143 Mtis
1787 1101 1954 1157 Regiae

257 1172 522 1227 postulabit.

623 1255 740 1299 (Acta
770 1254 1002 1289 Tomiciana
1032 1255 1109 1289 vol.
1145 1255 1196 1289 X.
1229 1265 1318 1300 pag.
1356 1255 1584 1299 113—115.)

1052 1407 1152 1448 122.
1971 1435 2006 1460 15

714 1517 960 1560 Sza‘szsebes
980 1517 1139 1571 [initio
1159 1517 1321 1558 Martii
1341 1517 1498 1570 1528]

337 1609 486 1647 Petrus
508 1608 684 1660 Perenyi
705 1608 890 1646 vaivoda
912 1607 1228 1659 Transylvanus
1244 1607 1426 1646 Radulio
1439 1606 1646 1645 vaivodae
1661 1607 1897 1646 Valachiae.

400 1707 456 1748 Se
481 1722 506 1748 a
530 1721 621 1762 rege
648 1708 687 1748 F
690 1707 930 1748 erdinando
954 1707 1181 1748 vazssvodam
1208 1706 1554 1760 Transylvaniae
1568 1707 1844 1748 nominatum
1867 1721 1956 1748 esse

253 1778 393 1830 refert,
415 1779 490 1833 qui
511 1778 563 1819 ab
585 1778 811 1819 ordinibus
826 1778 872 1819 H
875 1778 1097 1832 ungariae,
1112 1777 1310 1819 Croatiae
1330 1782 1367 1819 et
1388 1778 1733 1831 Transvlvam'ae
1754 1778 1801 1819 in
1820 1791 1954 1833 regem

255 1850 409 1890 electus
434 1854 473 1890 et
497 1854 726 1890 cominatus
751 1853 823 1890 est.
851 1849 920 1890 Ne
945 1849 1063 1890 cedat
1086 1849 1332 1890 rumoribus
1356 1848 1497 1901 salsis,
1524 1849 1596 1889 sed
1620 1849 1668 1889 in
1692 1848 1820 1899 fidem
1843 1849 1952 1903 regis
1967 1872 2002 1897 20

260 1920 537 1961 Ferdinandz‘
570 1920 723 1961 redeat.
760 1919 893 1961 §ecus
926 1924 1192 1974 propensum
1225 1934 1267 1960 se
1301 1919 1340 1960 εί
1371 1920 1569 1971 futurum
1603 1933 1690 1960 esse
1723 1933 1869 1974 resque
1903 1920 1951 1961 in

252 1991 406 2032 litteris
437 1991 493 2032 ad
519 1991 792 2033 Cibinienses
820 1991 934 2032 datis
963 1991 1230 2032 ordinandas
1258 1990 1481 2045 promittit.

398 2097 667 2152 Spectabilis
701 2111 752 2139 ac
786 2097 1023 2151 Magnifice
1056 2096 1251 2145 domine,
1288 2097 1428 2137 frater
1460 2101 1505 2138 et
1540 2096 1683 2138 amice
1716 2096 1952 2151 vicineque

258 2167 388 2208 nobis
435 2167 835 2210 honorandissime.
888 2168 996 2209 Post
1044 2167 1253 2216 salutem,
1304 2167 1653 2216 fraternitatem,
1703 2167 1951 2209 amicitiam

260 2238 495 2292 bonaeque
539 2238 788 2280 vicinitatis
832 2238 1286 2280 commendationem.
1966 2261 2002 2288 25

403 2309 456 2350 In
490 2309 847 2364 praesentiarum
880 2309 965 2351 hoc
997 2310 1086 2351 Vrae
1116 2308 1360 2364 Spectabili
1410 2313 1455 2350 et
1500 2308 1764 2363 Magnificae
1797 2309 1950 2350 Domi-

260 2379 433 2420 nationi
471 2380 661 2422 scribere
699 2394 952 2435 possumus,
993 2380 1117 2435 quod
1154 2393 1235 2421 nos
1274 2393 1329 2421 ex
1367 2379 1562 2434 benigna
1600 2379 1771 2421 domini
1808 2378 1950 2421 nostri

257 2450 567 2503 gratiosissimi
607 2451 859 2500 voluntate,
912 2455 963 2493 ut
1015 2456 1129 2505 puta
1165 2444 1283 2492 Sermi
1325 2450 1495 2492 domini
1535 2450 1822 2499 Ferdinandi,
1866 2449 1950 2491 Dei

256 2520 403 2574 gratia
425 2521 539 2575 regis
563 2522 823 2576 Hungariae
847 2526 892 2563 et
916 2521 1161 2563 Bohemiae
1185 2526 1269 2563 etc.
1296 2535 1348 2563 ac
1371 2520 1585 2576 principis
1609 2520 1948 2576 Hispaniarum,

258 2591 509 2632 archiducis
527 2592 750 2641 Austriae,
768 2593 943 2642 Stiriae‚
965 2592 1197 2634 Carniolae
1216 2592 1433 2646 ducisque
1448 2591 1613 2634 Slesiae
1639 2605 1691 2633 ac
1721 2590 1950 2632 Moraviae
1962 2613 1998 2639 30

258 2666 303 2702 et
341 2661 463 2703 Sacri
504 2663 698 2703 Romani
737 2663 911 2717 imperii
950 2663 1299 2704 locumtenentis
1337 2662 1554 2717 generalis
1593 2666 1677 2703 etc.
1720 2661 1778 2702 ad
1817 2661 1950 2702 huius

257 2732 380 2785 regni
422 2732 784 2774 Transsilvaniae
826 2733 1077 2775 dominium
1120 2738 1165 2775 et
1207 2737 1485 2788 potestatem
1527 2745 1682 2774 sumus
1724 2732 1946 2786 deputati,

260 2802 512 2843 transmissi
535 2808 579 2844 et
603 2803 811 2857 delegati,
842 2804 943 2846 ideo
977 2818 1059 2846 nos
1093 2818 1197 2858 erga
1232 2804 1332 2845 Vram
1362 2803 1662 2857 Spectabilem
1698 2806 1742 2843 et
1778 2802 1948 2856 Magni-

260 2872 394 2913 ficam
441 2873 810 2915 Dominationem
859 2874 1016 2916 eadem
1048 2875 1168 2915 bona
1213 2873 1512 2921 fraternitate,
1545 2872 1860 2913 benevolentia
1903 2877 1948 2914 et

262 2941 497 2983 vicinitate
521 2957 641 2985 nunc
665 2958 845 2998 quoque
868 2945 964 2986 fieri
987 2949 1031 2986 et
1057 2958 1151 2985 esse
1175 2944 1398 2991 volumus,
1425 2956 1562 2997 quam
1586 2942 1809 2996 primitus,
1835 2947 1947 2984 tem·
1961 2967 1996 2992 35

262 3024 369 3064 pore
394 3012 561 3054 scilicet
587 3014 876 3068 Zapoliensis,
906 3015 1016 3056 dum
1036 3015 1120 3056 hoc
1140 3014 1297 3055 eodem
1313 3013 1559 3055 officiolatu
1575 3012 1873 3067 fungeremur,
1896 3018 1948 3055 ut

262 3081 419 3122 eadem
433 3082 505 3123 Vra
516 3083 782 3137 Spectabilis
802 3089 847 3126 et
870 3085 1110 3139 Magnifica
1133 3083 1396 3125 Dominatio
1416 3082 1549 3124 recoli
1568 3083 1750 3137 poterit,
1773 3097 1948 3138 semper

262 3149 406 3192 eidem
429 3152 518 3192 Vfae
539 3152 782 3208 Spectabili
813 3159 858 3196 et
882 3155 1146 3209 Magnificae
1170 3153 1482 3196 Dominationi
1517 3153 1945 3196 commendavimus,
