2209 3643
321 178 370 210 60
1091 173 1166 207 No.
1189 182 1237 216 50
1662 163 1711 217 [1.
1743 167 1879 202 Martii
1914 177 2011 212 1502

321 305 554 347 universas
584 305 758 345 litteras
783 302 1078 351 evocatorias,
1105 301 1349 350 iudiciales,
1372 298 1737 347 adiudicatorias,
1771 298 2016 339 sententio-

319 376 456 424 nales,
504 373 771 429 repulsorias
813 378 857 414 et
899 373 1008 414 alias
1056 372 1280 426 quaslibet
1327 371 1526 413 causales
1573 370 1788 412 adversus
1835 369 2015 410 eosdem

320 446 553 487 dominum
578 444 862 498 Stephanum
888 443 1135 484 vaivodam
1161 447 1207 484 et
1234 443 1425 497 Bogdan
1449 441 1599 490 vaida,
1627 440 1772 481 filium
1798 439 2012 488 eiusdem,

319 529 469 557 coram
502 514 663 569 quovis
693 514 839 555 iudice
870 518 915 555 et
947 513 1191 555 iustitiario
1210 513 1335 568 regni
1354 513 1539 568 praevia
1558 511 1734 553 ratione
1765 510 2012 565 quomodo-

317 587 427 627 libet
469 589 705 626 emanatas
746 589 790 625 et
833 584 1078 633 confectas,
1121 598 1278 633 vanas,
1321 597 1484 633 cassas,
1527 587 1731 624 mortuas
1771 586 1816 623 et
1858 581 2012 622 inanes
2049 594 2068 620 5

317 656 580 710 viribusque
620 654 865 696 destitutas
904 669 955 697 ac
995 655 1326 696 exhibitoribus
1363 654 1608 696 earundem
1647 652 1877 694 nocituras
1914 651 2012 693 reli-

317 726 486 781 quisset
509 740 517 775 ;
546 726 728 780 insuper
753 730 905 767 totum
932 730 977 767 et
1005 740 1138 767 omne
1164 726 1233 767 ius
1259 740 1406 775 suum,
1434 725 1471 766 si
1497 725 1621 779 quod
1645 723 1803 765 eadem
1830 722 2014 764 domina

313 797 480 851 Sophia
506 796 551 837 in
578 797 865 852 praescriptis
881 801 1029 838 castro
1056 797 1239 852 Chycho
1265 801 1310 838 et
1337 795 1622 852 pertinentiis
1648 794 1848 835 eiusdem
1874 793 2013 834 etiam

315 867 425 909 alias
464 867 839 922 qualitercunque
877 868 1125 916 habuisset,
1166 872 1246 909 aut
1285 881 1345 916 se,
1385 867 1458 909 vel
1495 880 1600 908 suos
1638 864 1929 920 posteritates
1967 863 2013 904 in

314 938 519 979 futurum
548 938 714 980 habere
743 943 981 993 sperasset,
1011 938 1057 979 in
1085 939 1316 993 praefatos
1345 937 1580 979 dominum
1606 936 1889 991 Stephanum
1917 934 2012 976 vai-
2024 946 2062 973 10

314 1009 481 1050 vodam
518 1013 563 1050 et
601 1009 792 1064 Bogdan
829 1009 979 1058 vaida,
1018 1009 1164 1051 filium
1201 1009 1417 1058 eiusdem,
1455 1008 1792 1061 eorundemque
1827 1005 2012 1047 heredes

312 1084 355 1120 et
401 1079 693 1134 posteritates
736 1080 972 1122 universas
1015 1080 1324 1122 transtulisset
1369 1080 1501 1134 pleno
1545 1079 1654 1127 iure,
1699 1077 1790 1118 imo
1834 1076 2011 1131 quietos

312 1150 508 1192 reddidit
537 1151 774 1205 dictasque
801 1151 978 1193 litteras
993 1151 1193 1193 causales
1208 1150 1381 1192 viribus
1395 1150 1615 1192 carituras
1634 1148 1830 1203 reliquit,
1859 1151 2011 1189 totum

312 1235 492 1275 quoque
523 1221 592 1263 ius
624 1235 756 1263 suum
788 1222 1025 1264 transtulit
1059 1236 1211 1264 coram
1242 1222 1387 1270 nobis,
1420 1222 1581 1262 harum
1613 1224 1871 1261 nostrarum
1902 1231 2010 1273 pen-

312 1292 460 1333 dentis
475 1296 519 1333 et
536 1293 789 1334 authentici
817 1293 947 1348 sigilli
978 1293 1122 1334 nostri
1153 1292 1403 1334 munimine
1433 1292 1749 1333 roboratarum
1780 1289 1933 1344 vigore
1964 1293 2009 1330 et
2024 1301 2061 1328 15

310 1363 572 1404 testimonio
599 1363 856 1405 litterarum
885 1364 1127 1405 mediante.

461 1434 635 1476 Datum
661 1434 772 1476 feria
805 1435 967 1489 quinta
999 1435 1207 1490 proxima
1235 1439 1338 1490 post
1367 1434 1535 1475 festum
1564 1433 1697 1474 Beati
1726 1431 1854 1473 Pauli
1874 1430 2008 1486 primi

307 1504 566 1547 heremitae.
590 1506 723 1547 Anno
745 1506 929 1547 Domini
949 1506 1186 1547 Millesimo
1207 1504 1570 1560 quingentesimo
1599 1503 1809 1545 secundo.

455 1598 679 1643 (Origfflale,
716 1610 1083 1645 pergamenaceum.
1112 1600 1332 1634 Archivum
1353 1599 1546 1633 comitum
1568 1597 1745 1643 Karolyi,
1781 1596 2002 1641 Budapest.

306 1656 468 1692 Edidit:
517 1657 651 1692 Codex
697 1658 979 1704 diplomaticus
1020 1659 1213 1693 comitum
1251 1658 1417 1704 Karolyi
1453 1658 1530 1692 vol.
1569 1658 1645 1692 ΙΙΙ.
1688 1667 1777 1703 pag.
1819 1654 2061 1701 51—53·)20

1124 1811 1194 1851 50.

727 1919 1115 1968 Kolozsmonostm',
1155 1932 1195 1960 Ι.
1236 1919 1398 1960 Martia·
1437 1930 1563 1971 1502.

305 2008 548 2048 Conventus
582 2010 777 2048 ecclesiae
811 2010 862 2049 de
896 2010 1271 2049 Kolozsmonostor
1291 2023 1367 2061 pro
1388 2010 1534 2048 relicta
1567 2009 1751 2048 Ladislai
1771 2008 1998 2059 Desewffy.

455 2109 602 2150 Vidua
639 2109 840 2151 Ladislaz'
876 2110 1045 2160 Dezsr'ifi
1081 2111 1131 2151 de
1167 2111 1355 2151 Losoncz
1391 2110 1618 2151 vaz'vodcmn
1654 2109 1926 2164 Stephanum
1963 2112 2000 2149 et

304 2178 447 2229 filium
478 2180 656 2235 Bogdan
684 2181 876 2235 quictmn
903 2181 1040 2222 reddit
1068 2181 1117 2222 de
1146 2195 1205 2230 eo,
1235 2181 1346 2235 quod
1374 2181 1514 2235 quoad
1541 2181 1687 2222 Csicso'
1717 2184 1754 2221 et
1781 2180 1873 2221 alia
1901 2183 1998 2234 post
2015 2203 2052 2229 25

306 2255 481 2291 mortem
505 2252 654 2292 mariti
680 2252 735 2292 ad
761 2265 803 2292 se
827 2252 1021 2293 devoluta
1048 2252 1156 2293 bona
1182 2252 1266 2293 sibi
1292 2252 1563 2303 satisfactum
1589 2252 1657 2292 sit.

453 2357 545 2398 Nos
571 2363 823 2400 conventus
860 2358 1121 2399 monasterii
1147 2358 1318 2400 Beatae
1344 2358 1511 2399 Mariae
1537 2358 1730 2413 Virginis
1757 2357 1812 2399 de
1839 2357 1998 2399 Kolos-

307 2432 550 2469 monostra.
563 2428 804 2470 Memoriae
813 2429 1181 2477 conmendamus,
1199 2429 1322 2484 quod
1329 2443 1543 2484 generosa
1552 2429 1735 2470 domina
1745 2428 1998 2470 Katherina

306 2497 461 2539 relicta
500 2499 730 2553 Magnifici
771 2500 963 2541 condam
1004 2500 1201 2542 Ladislai
1241 2500 1470 2555 Desewffy
1511 2500 1566 2541 de
1606 2500 1805 2541 Losoncz
1845 2513 1996 2540 coram

306 2567 434 2608 nobis
462 2570 756 2622 personaliter
783 2570 1046 2619 constituta,
1071 2576 1232 2626 sponte
1256 2576 1301 2612 et
1327 2571 1462 2612 libere
1486 2576 1553 2612 est
1576 2570 1779 2612 confessa
1803 2569 1849 2611 in
1876 2570 1995 2611 hunc
2011 2592 2047 2619 30

306 2638 491 2679 modum
514 2652 520 2680 :
547 2640 691 2695 Quod,
716 2641 823 2695 quia
837 2641 922 2682 sibi
940 2642 1209 2696 Spectabilis
1235 2646 1279 2683 et
1295 2641 1563 2696 Magnificus
1577 2641 1787 2682 dominus
1805 2641 1995 2695 Stepha-

307 2721 391 2749 nus
414 2709 539 2750 heres
563 2715 607 2751 et
633 2711 842 2752 dominus
864 2712 1177 2767 wayvodaque
1201 2717 1346 2754 terrae
1372 2711 1692 2754 Moldaviensis
1716 2711 1770 2752 de
1793 2715 1838 2752 et
1862 2724 1996 2765 super

307 2778 412 2819 dote
449 2793 499 2821 ac
536 2781 668 2822 rebus
704 2782 1061 2836 parafernalibus
1085 2783 1176 2824 suis
1200 2783 1345 2824 eidem
1371 2783 1425 2824 de
1451 2787 1599 2824 castro
1624 2782 1806 2836 Chycho
1831 2786 1994 2822 vocato

308 2861 358 2888 ac
390 2849 609 2892 universis
642 2852 996 2906 possessionibus
1028 2853 1402 2908 portionibusque
1434 2858 1479 2894 et
1513 2852 1788 2906 quibuslibet
1820 2851 1994 2892 iuribus

307 2919 662 2971 possessionariis
709 2923 902 2976 praefati
950 2924 1143 2965 condam
1192 2923 1388 2965 Ladislai
1435 2922 1677 2977 Desewffy,
1728 2921 1899 2962 domini
1946 2926 1991 2963 et
2006 2945 2043 2972 35

307 2988 457 3029 mariti
479 2990 560 3039 sui,
584 2991 771 3033 ubilibet
795 2998 839 3034 et
862 2993 907 3034 in
929 2994 1274 3048 quibuscunque
1296 2993 1588 3035 comitatibus
1608 2992 1808 3047 partium
1830 2992 1991 3033 Trans-

307 3057 582 3100 silvanarum
608 3061 906 3104 existentibus
930 3069 975 3105 et
1000 3065 1183 3113 habitis,
1210 3064 1269 3105 ad
1291 3063 1411 3105 idem
1437 3067 1635 3105 castrum
1662 3063 1843 3118 Chycho
1867 3076 1990 3117 spec-

307 3127 514 3169 tantibus
544 3134 588 3171 et
620 3132 963 3184 pertinentibus,
996 3134 1127 3176 iuxta
1156 3134 1429 3176 laudabilem
1460 3138 1504 3175 et
1536 3133 1837 3188 approbatam
1867 3132 1990 3187 regni
