2209 3643
302 187 350 226 96
1070 174 1145 209 No.
1169 184 1214 220 72
1726 168 1858 222 [Euda
1894 175 1989 220 1508

303 311 452 354 munis
471 307 816 362 Transalpinam
843 317 998 347 versus
1025 303 1206 352 attinet,
1235 308 1286 344 ut
1314 302 1616 358 negotiatores
1642 302 1763 344 ultro
1789 302 1992 357 citroque

303 396 426 424 more
461 381 569 422 alias
603 381 819 420 consueto
853 375 1018 430 quiete,
1054 374 1244 429 pacifice
1277 373 1458 428 negotia
1491 387 1573 415 sua
1606 373 1769 427 exequi
1801 373 1988 428 possint,

303 453 512 495 volumus
538 448 734 495 omnino,
760 451 813 488 ut
839 444 1176 501 quamprimum
1203 444 1445 499 aperiatur,
1473 458 1563 499 quo
1600 443 1685 498 ipsi
1721 448 1990 486 mercatores

304 524 439 564 libere
479 533 607 575 agere
645 517 834 573 possint,
876 531 956 558 nec
996 516 1132 571 prius,
1174 520 1399 570 quantum
1438 514 1568 557 nobis
1606 514 1801 563 videtur,
1843 515 1991 556 claudi

304 592 530 636 debuisset
553 604 562 640 ;
593 589 678 631 nisi
706 589 877 630 interea
904 587 1075 642 aliquid
1103 586 1226 628 aliud
1253 591 1465 640 emergat,
1495 585 1619 640 quod
1645 586 1761 627 hanc
1788 590 1990 627 nostram
2027 600 2044 625 5

301 665 585 707 voluntatem
606 661 847 701 immutare
873 659 1069 706 deberet,
1098 657 1209 699 illud
1235 657 1562 699 committimus
1589 656 1753 697 iudicio
1768 661 1812 697 et
1833 657 1992 698 volun-

301 734 389 777 tati
417 738 607 775 vestrae.
631 732 699 772 De
719 731 852 772 rebus
881 734 1035 771 autem
1063 728 1206 777 novis,
1237 727 1367 769 nobis
1386 742 1466 783 per
1493 728 1613 769 hunc
1642 741 1774 768 suum
1803 727 1993 768 familia-

302 820 395 847 rem
437 809 482 845 et
525 802 738 844 nuntium
781 800 1018 848 intimatis,
1073 799 1246 854 agimus
1289 798 1521 840 Fidelitati
1561 799 1749 840 Vestrae
1791 798 1994 852 ingentes

301 875 483 931 gratias,
530 886 832 928 rogamusque
878 872 1024 927 ipsam
1069 876 1113 912 et
1158 869 1441 924 requirimus,
1487 874 1539 911 ut
1584 869 1723 910 etiam
1768 868 1991 923 deinceps,

302 945 518 1002 quicquid
555 944 710 986 audire
746 948 791 985 et
829 942 1074 997 intelligere
1111 940 1293 996 poterit,
1332 941 1404 982 vel
1441 940 1498 982 ab
1535 939 1690 982 Turcis
1727 939 1799 981 vel
1834 939 1994 995 Zophy
2008 951 2044 979 10

301 1016 573 1064 Tartarisve,
597 1020 677 1057 aut
700 1015 757 1056 ab
780 1014 889 1063 aliis,
913 1013 1038 1068 quod
1057 1026 1139 1054 nos
1159 1025 1241 1068 pro
1260 1025 1499 1066 regnorum
1520 1015 1778 1052 nostrorum
1799 1010 1994 1052 tuitione

302 1094 347 1130 et
364 1087 619 1143 provisione
637 1085 845 1127 facienda
861 1085 972 1127 scire
990 1084 1248 1132 debeamus
1269 1082 1484 1124 Fidelitas
1500 1083 1663 1124 Vestra
1679 1095 1761 1123 suo
1778 1085 1994 1123 consueto

300 1160 452 1201 studio
473 1163 517 1200 et
540 1157 774 1212 diligentia
795 1156 925 1198 nobis
947 1154 1285 1210 quamprimum
1306 1153 1542 1208 significet,
1564 1157 1616 1194 ut
1639 1152 1723 1194 Dei
1744 1151 1994 1194 clementis-

301 1230 402 1272 simi
429 1229 576 1285 gratia
603 1234 648 1270 et
678 1227 918 1276 adiutorio,
948 1240 1030 1281 pro
1057 1230 1213 1268 nostro
1240 1238 1418 1266 summo
1445 1229 1490 1266 et
1519 1223 1768 1265 incredibili
1795 1222 1995 1278 quodam

302 1301 535 1349 desiderio,
572 1299 782 1342 omnibus
816 1299 861 1340 in
894 1303 1099 1353 tempore
1132 1310 1360 1338 occurrere
1393 1300 1438 1337 et
1471 1295 1723 1350 prospicere
1755 1293 1992 1349 possimus,
2009 1306 2046 1334 15

302 1373 425 1427 quod
449 1372 594 1427 ipsam
619 1369 960 1426 diligentissime
984 1374 1029 1410 et
1055 1367 1397 1423 vigilantissime
1422 1380 1503 1421 pro
1527 1365 1778 1407 Maiestatis
1803 1365 1995 1406 Nostrae

301 1458 406 1498 erga
430 1457 476 1484 se
502 1442 718 1498 singulari
743 1445 1055 1497 perpetuaque
1081 1438 1229 1494 gratia
1255 1443 1299 1480 et
1327 1436 1628 1479 beneficentia
1653 1436 1879 1478 facturam
1905 1449 1996 1476 non

301 1514 577 1557 dubitamus.

449 1586 623 1627 Datum
668 1583 839 1632 Budae,
885 1581 997 1624 feria
1039 1581 1175 1623 tertia
1206 1579 1413 1636 proxima
1443 1583 1549 1621 ante
1580 1578 1700 1620 diem
1727 1577 1997 1619 Sanctorum

304 1657 490 1699 Cosmae
544 1660 588 1697 et
643 1654 857 1697 Damiani
897 1652 1148 1695 martirum.
1204 1652 1336 1693 Anno
1378 1649 1560 1692 Domini
1601 1648 1836 1691 Millesimo
1868 1647 1996 1702 quin-
2012 1662 2047 1688 20

302 1727 550 1783 gentesimo
587 1731 764 1768 octavo.

1192 1792 1452 1835 Commissio
1476 1791 1658 1847 propria
1681 1789 1849 1832 domini
1873 1789 1996 1844 regis.

447 1901 645 1940 Titulus:
676 1898 906 1951 Spectabili
940 1902 982 1937 et
1016 1897 1244 1948 Magnifico
1276 1895 1421 1935 comiti
1454 1895 1592 1940 Petro,
1615 1893 1760 1933 comiti
1781 1893 1832 1932 de
1851 1893 2000 1944 Bozyn

304 1966 346 2000 et
373 1961 423 1999 de
447 1960 604 2000 Sancto
630 1959 821 2009 Georgio,
850 1957 977 1996 iudici
1004 1957 1143 1996 curiae
1169 1960 1338 1994 nostrae
1365 1967 1413 1993 ac
1439 1953 1647 1992 vaivodae
1673 1952 1859 2004 partium
1885 1951 2001 2002 regni

304 2020 437 2059 nostri
477 2019 865 2063 Transilvanarum,
908 2029 1071 2055 necnon
1111 2015 1256 2054 comiti
1293 2014 1528 2053 Siculorum
1569 2018 1647 2051 etc.
1692 2011 1824 2050 Fideli
1880 2010 2002 2049 nobis
2016 2015 2052 2042 25

304 2080 461 2118 sincere
484 2079 650 2117 dilectO.

451 2175 677 2221 (Originale.
716 2175 910 2220 Orszagos
946 2172 1143 2213 Leveltar,
1183 2171 1402 2216 Budapest.
1441 2170 1504 2204 Dl.
1532 2169 1668 2214 21783.
1694 2168 1834 2203 Edidit
1870 2168 2000 2213 Pray:

307 2235 591 2271 Commentarii
606 2234 784 2269 historici
799 2245 887 2280 pag.
902 2233 1100 2276 189—193
1117 2234 1157 2266 et
1171 2230 1432 2266 «T6rtenelmi
1445 2230 1661 2271 Tar›>1906.
1671 2239 1760 2274 pag.
1774 2226 1999 2271 182—184.)

1121 2383 1190 2425 72.

976 2493 1149 2547 fflnda,
1183 2492 1337 2546 1508]
2018 2499 2054 2526 30

427 2585 681 2625 Wladislaus
718 2586 774 2624 II.
814 2598 887 2624 rex
920 2584 1164 2635 Hungariae
1197 2581 1465 2634 Sigismundo
1486 2581 1519 2620 Ι.
1548 2580 1634 2632 regi
1666 2579 1877 2618 Poloniae.

452 2684 753 2725 Relationibus
799 2683 985 2738 acceptis
1031 2682 1258 2724 vaivodam
1307 2679 1542 2723 Valaclziae
1586 2682 1662 2733 per
1706 2677 1859 2732 legatos
1905 2688 2006 2717 suos

311 2758 519 2795 attentum
545 2755 684 2806 jacere
710 2759 840 2809 rogat,
869 2768 922 2795 ne
951 2753 1091 2795 sedem
1118 2766 1244 2794 suam
1270 2751 1485 2806 relinquat
1512 2754 1549 2791 et
1574 2749 1744 2804 quietus
1770 2747 1826 2788 sit
1852 2746 1902 2787 de
1929 2759 2005 2787 suo

312 2824 491 2866 auxilio.

453 2930 722 2985 Spectabilis
746 2935 791 2972 et
815 2929 1055 2985 Magnifice
1077 2929 1224 2970 fidelis
1246 2932 1291 2970 et
1315 2926 1466 2968 affinis
1487 2925 1617 2966 nobis
1638 2924 1806 2965 sincere
1829 2922 2003 2964 dilecte.
2023 2933 2059 2960 35

313 2999 515 3041 Scribitis
532 3000 662 3041 nobis
688 3001 970 3056 waywodam
996 3004 1203 3041 nostrum
1227 2996 1648 3051 Transalpinensem
1671 3007 1750 3049 per
1773 2993 2007 3035 Caesarem

316 3068 563 3111 Tuscorum
596 3070 642 3111 in
668 3075 962 3125 conspectum
996 3084 1129 3111 suum
1162 3073 1207 3110 et
1229 3068 1288 3110 ad
1308 3071 1488 3123 portam
1509 3079 1639 3106 suam
1660 3077 1754 3105 esse
1775 3068 2006 3111 vocatum,

317 3139 520 3193 velleque
550 3139 699 3194 ipsum
729 3141 1011 3196 waywodam
1043 3139 1227 3181 omnino
1259 3136 1444 3192 ingredi,
1477 3135 1602 3190 quod
1631 3134 1668 3176 si
1698 3134 1841 3183 fieret,
1875 3133 2008 3188 plane
