2209 3643
171 195 229 229 24.
250 184 342 230 Jan.
368 179 477 233 1508]
939 185 1012 219 No.
1035 188 1084 227 69
1810 184 1861 226 89

168 314 393 357 rationem
424 314 663 370 superinde
683 314 979 364 reddituram,
1002 315 1092 357 litis
1113 315 1373 370 pendentia,
1402 315 1438 357 si
1469 329 1560 370 qua
1590 315 1716 357 fieret
1747 314 1866 356 inter

170 386 289 441 ipsos
316 400 407 428 non
433 387 660 435 obstante,
688 385 958 428 insinuasset
986 386 1153 428 ibidem
1181 386 1341 436 eidem,
1370 391 1420 428 ut
1447 386 1542 429 sive
1568 386 1663 442 ipse
1689 385 1865 428 octavis

170 458 216 498 in
242 457 486 512 praedictis
512 471 662 499 coram
678 457 807 498 nobis
834 462 1128 512 compareret,
1151 457 1245 499 sive
1259 471 1365 507 non,
1382 471 1464 499 nos
1490 457 1548 499 ad
1574 457 1717 513 partis
1743 471 1864 499 com—

171 528 372 584 parentis
392 527 659 570 instantiam
681 528 727 569 id
748 528 996 570 faceremus
1017 529 1062 570 in
1083 529 1352 584 praemissis,
1376 528 1499 583 quod
1520 528 1614 570 iure
1635 528 1866 570 videretur

137 599 384 655 5expediri.
437 599 611 654 Quibus
661 599 843 654 quidem
894 600 1068 641 octavis
1117 600 1219 642 festi
1269 600 1631 655 Epiphaniarum
1681 598 1866 641 Domini

169 670 447 712 instantibus
473 670 706 726 praefatus
733 670 942 712 dominus
970 671 1159 726 Bogdan
1192 671 1390 713 vaivoda
1416 671 1462 712 in
1500 684 1684 713 causam
1723 675 1865 712 attra-

170 746 271 783 ctus
305 755 384 796 per
410 746 683 783 annotatum
706 742 949 783 Balthasar
976 742 1031 784 de
1057 742 1206 798 Orozy
1239 742 1491 797 legitimum
1525 746 1865 797 procuratorem

169 813 318 855 dictae
348 812 559 854 dominae
589 813 767 854 actricis
797 813 841 854 in
872 827 1064 868 persona
1093 813 1292 855 eiusdem
1323 813 1530 868 congruis
1560 813 1719 855 diebus
1748 813 1866 868 ipsa-

168 898 269 925 rum
316 884 596 926 Octavarum
643 898 793 926 coram
827 884 957 925 nobis
1002 889 1284 939 expectatus,
1332 884 1523 926 eandem
1569 889 1773 926 nostram
1820 883 1865 924 in

115 967 149 994 10
169 955 472 1010 praesentiam
515 969 607 996 non
649 955 790 1005 venit,
834 969 979 1010 neque
1022 956 1159 1005 misit,
1203 969 1249 997 se
1291 955 1522 997 mediante
1565 955 1662 997 aliis
1704 955 1866 997 litteris

170 1026 336 1068 nostris
367 1026 652 1068 iudicialibus
684 1026 846 1068 exinde
879 1027 1095 1068 confectis
1126 1027 1172 1067 in
1204 1026 1379 1068 iudiciis
1411 1026 1648 1081 aggravari
1679 1026 1865 1081 permit-

169 1102 284 1146 tens,
323 1097 560 1152 postulans
597 1097 830 1153 praefatus
866 1102 1133 1153 procurator
1170 1097 1319 1139 dictae
1356 1097 1567 1139 dominae
1604 1097 1782 1139 actricis
1819 1096 1865 1138 in

169 1182 360 1223 persona
390 1168 590 1210 eiusdem
621 1168 766 1210 eidem
796 1182 851 1210 ex
881 1173 1011 1224 parte
1041 1169 1280 1210 memorati
1301 1168 1346 1209 in
1367 1182 1549 1210 causam
1570 1168 1757 1210 attracti
1787 1181 1866 1223 per

169 1253 251 1281 nos
294 1239 339 1280 in
383 1240 639 1294 praemissis
682 1239 789 1281 iuris
833 1240 1114 1294 aequitatem
1157 1239 1392 1295 impertiri,
1449 1253 1622 1289 verum,
1668 1239 1776 1294 quia
1819 1238 1866 1280 in

114 1323 150 1350 15
169 1324 362 1365 persona
390 1310 539 1352 dictae
569 1310 780 1352 dominae
810 1311 988 1353 actricis
1017 1311 1264 1366 praemissa
1305 1311 1588 1365 querimonia
1629 1324 1711 1365 pro
1739 1324 1866 1365 prae-

167 1381 340 1423 notatis
359 1381 536 1423 actibus
554 1382 839 1437 potentiariis
857 1386 1016 1424 contra
1034 1387 1078 1423 et
1099 1382 1315 1423 adversus
1333 1382 1592 1438 praefatum
1627 1381 1865 1423 dominum

169 1452 360 1507 Bogdan
381 1452 627 1494 vaivodam
648 1452 694 1494 in
715 1466 899 1494 causam
915 1457 1165 1495 attractum
1182 1458 1434 1495 memorato
1454 1453 1639 1495 domino
1659 1452 1867 1495 Emerico

169 1523 224 1565 de
256 1524 398 1565 Peren
429 1523 584 1565 comiti
616 1528 660 1565 et
693 1524 897 1579 palatino
927 1529 1083 1566 nostro
1114 1524 1390 1579 praemisso.
1415 1559 1422 1567 .
1447 1559 1454 1566 .
1488 1524 1625 1566 fuisse
1655 1524 1867 1578 idemque

169 1594 360 1649 Bogdan
399 1594 598 1636 vaivoda
633 1594 678 1636 in
719 1608 903 1636 causam
939 1599 1165 1636 attractus
1210 1595 1408 1636 eiusdem
1456 1595 1628 1637 domini
1671 1594 1866 1637 Emerici

116 1679 152 1705 20
170 1665 346 1708 comitis
389 1670 433 1708 et
477 1665 669 1721 palatini
711 1679 762 1707 ac
805 1671 1059 1708 vestrorum
1102 1666 1307 1707 homines
1349 1666 1628 1722 praescripta
1667 1665 1865 1708 insinua-

169 1737 292 1779 tione
333 1736 629 1792 subsequenti
671 1736 729 1778 ad
777 1737 922 1778 dictas
970 1742 1230 1792 praesentes
1283 1741 1470 1779 octavas
1518 1737 1622 1779 festi
1664 1737 1865 1792 Epipha-

167 1808 347 1850 niarum
386 1808 571 1850 Domini
609 1812 814 1850 nostram
853 1808 898 1849 in
937 1808 1241 1863 praesentiam
1281 1813 1497 1850 evocatus
1542 1808 1768 1850 exstitisse
1807 1808 1866 1849 ad

169 1879 442 1934 easdemque
465 1879 666 1921 Octavas
688 1883 968 1921 memoratus
990 1879 1181 1933 Bogdan
1204 1879 1403 1921 vaivoda
1424 1879 1469 1920 in
1504 1893 1688 1921 causam
1723 1883 1865 1920 attra-

170 1954 270 1992 ctus
285 1950 475 1992 eandem
490 1955 695 1992 nostram
710 1950 754 1991 in
770 1950 1072 2005 praesentiam
1087 1950 1240 1992 venire
1254 1951 1326 1992 vel
1344 1950 1525 1992 mittere
1543 1964 1635 1992 non
1650 1954 1864 1999 curasset,

113 2033 152 2060 25
170 2021 248 2063 sed
277 2035 323 2063 se
352 2021 397 2063 in
426 2035 534 2063 suae
575 2021 903 2077 culpabilitatis
943 2022 1237 2062 manifestum
1278 2021 1496 2063 iudicium
1537 2036 1564 2063 a
1604 2021 1718 2063 facie
1758 2021 1866 2062 iuris

169 2096 214 2134 et
241 2092 442 2134 iustitiae
477 2093 660 2148 penitus
692 2093 941 2134 absentisse
981 2092 1225 2147 praedictis
1263 2092 1532 2134 iudiciorum
1566 2092 1776 2134 oneribus
1819 2105 1865 2133 se

170 2163 406 2218 aggravari
436 2163 690 2219 permisisse
720 2178 775 2205 ex
806 2163 1062 2218 praemissis
1092 2163 1402 2218 reperiebatur
1430 2164 1700 2214 manifeste;
1732 2176 1866 2217 prop-

169 2239 238 2276 ter
267 2234 390 2289 quod
418 2239 743 2290 praenotatum
772 2239 973 2276 castrum
1004 2234 1239 2289 Kykellew
1268 2234 1392 2290 apud
1420 2248 1583 2276 manus
1627 2233 1867 2290 praelibati

170 2305 360 2360 Bogdan
399 2306 624 2348 vaivodae
664 2305 709 2347 in
749 2319 933 2347 causam
974 2304 1160 2347 attracti
1200 2305 1336 2347 modo
1376 2305 1586 2347 habitum
1626 2305 1866 2347 simulcum

117 2388 152 2415 30
169 2376 416 2431 praetactis
468 2377 690 2419 universis
743 2376 1112 2432 possessionibuS,
1167 2376 1541 2431 portionibusque
1595 2381 1640 2419 et
1694 2375 1866 2418 iuribus

169 2447 528 2502 possessionariis
569 2448 628 2489 ad
668 2448 787 2490 idem
829 2452 1029 2489 castrum
1070 2447 1125 2488 de
1165 2447 1259 2488 iure
1310 2447 1624 2502 spectantibus
1677 2447 1866 2500 aliisque

170 2518 447 2560 utilitatibus
496 2523 541 2560 et
591 2518 875 2574 pertinentiis
925 2517 1200 2573 quibuslibet
1251 2517 1396 2560 eidem
1451 2518 1662 2560 dominae
1711 2516 1866 2560 actrici

169 2589 374 2639 restatui,
406 2589 814 2645 nichilominusque
844 2603 926 2645 pro
956 2588 1215 2630 huiusmodi
1257 2588 1462 2631 indebita
1503 2593 1548 2631 et
1591 2587 1867 2645 potentiaria

171 2659 432 2702 detentione
462 2660 572 2702 dicti
601 2661 736 2703 castri
767 2660 1002 2716 Kykellew
1031 2664 1076 2701 et
1106 2659 1484 2714 pertinentiarum
1513 2660 1714 2702 eiusdem
1743 2659 1863 2701 idem

120 2742 153 2769 3⁵
171 2730 362 2785 Bogdan
404 2731 604 2774 vaivoda
646 2732 693 2773 in
736 2745 920 2773 causam
964 2734 1190 2772 attractus
1232 2730 1336 2772 licet
1379 2730 1424 2772 in
1468 2731 1591 2773 facto
1633 2730 1867 2787 potentiae

171 2801 366 2852 maioris,
403 2815 458 2844 ex
494 2816 636 2858 eoque
671 2802 717 2843 in
752 2802 979 2844 sententia
1014 2800 1198 2856 capitali
1234 2815 1286 2843 ac
1321 2801 1560 2844 amissione
1596 2807 1865 2844 cunctorum

171 2871 337 2914 iurium
367 2886 551 2914 suorum
582 2872 1034 2928 possessionariorum
1080 2885 1320 2927 rerumque
1350 2876 1396 2914 et
1426 2872 1650 2914 bonorum
1679 2886 1865 2915 suorum

173 2943 478 2996 quorumlibet
527 2943 648 2985 intra
696 2944 922 2985 ambitum
970 2943 1133 2984 harum
1181 2942 1383 2998 partium
1421 2943 1865 2999 Transsylvanarum

172 3013 363 3055 ubilibet
388 3014 683 3056 existentium
708 3020 753 3056 et
780 3013 1087 3056 adiacentium
1112 3013 1319 3055 convinci
1340 3013 1522 3056 deberet
1546 3019 1592 3057 et
1613 3016 1862 3070 aggravari.

120 3095 157 3121 40
175 3083 292 3138 Quia
323 3088 478 3126 tamen
510 3085 641 3127 iuxta
671 3089 851 3127 statuta
882 3084 1170 3126 dominorum
1202 3097 1358 3138 regum
1402 3085 1665 3140 Hungariae
1707 3086 1864 3128 lauda-

173 3153 399 3209 bilemque
436 3159 481 3198 et
519 3155 822 3211 approbatam
859 3154 1079 3211 praedicti
1116 3154 1239 3209 regni
1277 3155 1552 3210 Hungariae,
1591 3169 1865 3212 consequen-
