2209 3643
206 199 264 233 13.
287 189 376 235 Jan.
402 184 512 238 1536]
965 190 1038 225 No.
1063 192 1135 224 216
1828 194 1897 226 261

197 319 323 363 omni
351 319 454 362 dolo
482 323 527 361 et
556 319 727 361 fraude.
759 319 812 361 In
851 319 977 362 cuius
1005 320 1063 362 rei
1094 321 1358 363 memoriam
1386 322 1612 377 fidemque
1639 326 1684 364 et
1712 323 1900 365 firmita-

200 396 293 433 tem
313 394 581 446 perpetuam
607 394 866 446 praesentes
892 395 1071 433 nostras
1096 392 1271 434 litteras
1291 392 1434 448 sigillo
1455 398 1610 436 nostro
1636 393 1795 436 maiori
1815 395 1899 436 sub

198 461 477 518 appendenti
513 461 817 503 communitas
860 475 1089 517 manuque
1136 467 1293 505 nostra
1323 464 1505 520 propria
1535 465 1823 520 consignatas
1853 470 1898 508 et

199 533 434 576 roboratas
465 532 678 574 duximus
709 532 1041 588 praestandas.²

161 649 183 675 5
1075 629 1122 671 N
1124 630 1274 672 omina
1291 630 1557 684 boyaronum
1572 631 1898 674 subscribantur

1218 706 1255 742 et
1286 701 1444 757 sigillis
1478 702 1748 745 muniantur.

341 805 479 851 (Copia
503 815 663 839 coaeva.
689 804 856 850 Szekely
882 806 1063 840 Nemzeti
1088 807 1284 847 Muzeum,
1310 808 1739 854 Sepsi-Szentgyorgy.)

1001 969 1099 1010 216.

720 1078 860 1127 Wien,
895 1091 963 1131 13.
997 1080 1216 1133 Ianuarii
1247 1082 1374 1135 1536.

140 1182 177 1209 10
196 1169 421 1209 Balthasar
458 1169 616 1220 Banffy
641 1173 682 1208 et
710 1170 874 1208 Marcus
895 1169 1159 1221 Pemfflinger
1175 1171 1440 1211 Ferdinando
1466 1172 1498 1211 I.
1527 1173 1611 1224 regi
1637 1174 1891 1225 Hungariae.

347 1269 509 1311 Versus
529 1270 584 1310 M
587 1269 803 1311 oldaviczm
823 1283 921 1310 curu
939 1270 1071 1325 legato
1091 1271 1295 1312 vuivodae
1315 1277 1612 1322 convenerunt,
1634 1273 1710 1328 qui
1729 1273 1894 1315 duobus

194 1340 365 1382 domini
381 1341 453 1382 sm·
468 1340 697 1382 desideriis
713 1340 1017 1396 proficiscitur,
1035 1355 1216 1396 quorum
1233 1342 1529 1397 impletionem
1545 1344 1668 1385 enixe
1684 1358 1893 1386 commen-

194 1412 311 1453 dant.

342 1519 454 1561 Cum
479 1518 569 1560 iam
594 1518 727 1560 hodie
751 1532 949 1560 essemus
974 1519 1019 1560 in
1043 1519 1280 1574 procinctu
1304 1520 1490 1570 itineris,
1517 1521 1704 1564 advenit
1728 1521 1893 1579 Grego-

141 1612 177 1639 25
195 1590 287 1631 rius
328 1589 520 1631 servitor
556 1589 891 1638 MoldaviensiS,
931 1589 1009 1645 qui
1039 1590 1162 1645 prius
1202 1591 1325 1645 apud
1344 1590 1450 1633 Mtem
1471 1592 1570 1634 Vram
1592 1592 1638 1634 in
1668 1593 1892 1649 legatione

195 1661 300 1716 egit.
336 1660 472 1703 Venit
524 1664 679 1702 autem
714 1660 773 1702 ad
806 1658 907 1702 Mtem
942 1661 1043 1702 Vram
1088 1666 1274 1717 propter
1307 1663 1427 1704 duo:
1481 1677 1637 1713 unum,
1684 1668 1735 1706 ut
1788 1679 1892 1707 cum

194 1745 297 1787 rege
324 1731 538 1774 Poloniae
565 1731 780 1773 Maiestas
807 1731 878 1773 Vra
906 1731 1024 1773 inter
1051 1745 1126 1774 eos
1154 1733 1441 1775 concordiam
1466 1734 1648 1784 faceret,
1675 1736 1891 1791 quoniam

194 1802 355 1844 habita
379 1802 618 1845 concordia
641 1802 881 1844 Moldavus
906 1802 1108 1844 animum
1132 1817 1264 1845 suum
1289 1818 1341 1846 eo
1365 1810 1628 1847 constanter
1651 1806 1889 1857 stabilivit,

193 1877 245 1915 ut
274 1873 332 1915 ad
358 1888 438 1916 ver
475 1873 736 1929 proximum
775 1878 934 1915 contra
971 1874 1166 1915 Turcam
1204 1888 1250 1916 se
1289 1889 1471 1917 movere
1509 1876 1620 1918 velit
1660 1877 1784 1919 omni
1809 1892 1891 1920 sua

135 1966 175 1993 20
192 1944 416 1999 potentia,
467 1944 710 2000 implorato
759 1944 927 1986 auxilio
977 1945 1218 1987 Caesareae
1266 1940 1347 1987 Mtis
1383 1951 1428 1988 et
1466 1948 1556 1988 Vrae
1590 1947 1857 1991 Serenitatis
1878 1963 1887 1999 ;

192 2015 402 2065 alterum,
441 2016 565 2071 quod
601 2015 761 2058 audita
798 2015 959 2057 Cibinii
996 2015 1242 2066 deditione,
1282 2031 1420 2072 quam
1457 2018 1654 2073 primum
1692 2019 1751 2061 ad
1787 2033 1891 2062 eum

191 2087 456 2129 accellerare
477 2086 757 2135 deberemus,
774 2100 863 2141 quo
879 2086 1263 2129 Transsilvaniam
1286 2101 1570 2143 occupemus.
1595 2089 1679 2131 His
1693 2089 1891 2132 intellec-

190 2157 251 2199 tis
271 2158 421 2200 visum
442 2163 510 2200 est
531 2158 676 2207 nobis,
699 2162 799 2199 tum
826 2171 906 2212 pro
928 2158 1016 2199 civi
1035 2157 1197 2200 dandis
1218 2158 1506 2201 ulterioribus
1527 2153 1593 2201 Mti
1615 2160 1704 2202 Vme
1725 2175 1891 2217 expen-

191 2229 264 2278 sis,
289 2233 390 2271 tum
412 2229 567 2278 etiarn,
591 2233 642 2271 ut
665 2233 822 2271 nostra
845 2228 1079 2284 profectio,
1104 2243 1207 2271 cum
1230 2229 1349 2271 idem
1372 2230 1611 2286 Gregorius
1634 2232 1758 2286 apud
1780 2232 1890 2274 Mol-

132 2322 171 2348 25
190 2299 363 2341 davum
386 2300 523 2342 fidem
546 2314 637 2341 non
662 2313 854 2355 parvam
879 2299 1061 2347 habeat,
1085 2313 1136 2341 eo
1151 2300 1350 2342 securius
1365 2305 1409 2342 et
1435 2301 1720 2344 constantius
1743 2306 1890 2345 trans-

190 2370 250 2426 igi
292 2371 450 2425 possit,
496 2371 732 2413 nobiscum
764 2369 978 2412 duximus
1009 2374 1054 2412 et
1086 2385 1177 2412 una
1207 2384 1359 2413 secum
1391 2372 1450 2414 ad
1480 2373 1759 2423 Moldavum,
1793 2375 1890 2416 Deo

190 2441 402 2497 propitio,
442 2441 767 2497 proficiscimur
787 2456 796 2492 ;
841 2442 963 2483 Deus
1006 2441 1223 2483 concedat
1266 2442 1460 2497 gratiam
1503 2447 1548 2485 et
1578 2437 1644 2485 Mti
1676 2444 1768 2486 Vrae
1798 2445 1890 2487 vic-

189 2511 367 2554 toriam.
396 2512 560 2569 Itaque
584 2526 639 2554 ex
663 2526 754 2568 quo
778 2512 992 2554 Maiestas
1016 2512 1086 2553 Vra
1112 2512 1201 2554 iam
1237 2513 1331 2554 eius
1367 2513 1638 2569 legationem
1663 2514 1888 2571 intelligit,

130 2722 171 2748 30
319 2701 333 2722 ²
375 2702 495 2747 Apud
516 2702 774 2748 Ostermayer
793 2702 959 2748 legimus
986 2702 1135 2737 etiam:
1166 2702 1213 2736 In
1240 2703 1367 2737 dieser
1393 2703 1479 2738 Zeit
1505 2704 1625 2748 (anno
1655 2705 1780 2750 1533.)
1811 2706 1884 2740 hat

189 2761 333 2805 regiert
347 2761 387 2794 in
396 2762 466 2795 der
479 2761 696 2796 Wallachei
706 2761 821 2796 W1ad
831 2762 999 2806 Wayda,
1015 2761 1192 2801 welcher,
1204 2762 1256 2796 da
1270 2772 1311 2796 er
1324 2762 1408 2796 sich
1422 2762 1588 2797 einsmal
1601 2763 1683 2797 voll
1696 2764 1882 2808 gesoffen,

188 2819 241 2853 ist
268 2830 309 2853 er
334 2820 389 2853 im
416 2820 573 2855 Wasser
599 2824 705 2855 samt
731 2821 822 2855 dem
851 2820 951 2854 Ross
979 2821 1158 2854 ersoffen.
1186 2820 1299 2854 Nach
1326 2821 1475 2855 diesem
1502 2821 1619 2856 Wlad
1646 2822 1803 2868 Wayda
1829 2823 1882 2858 ist

189 2877 378 2913 Wentilla
410 2878 566 2924 Wayda
598 2880 768 2918 worden,
805 2880 869 2913 ein
902 2879 1034 2924 tapfer
1065 2879 1199 2919 Mann,
1235 2879 1412 2920 welcher,
1447 2880 1500 2914 da
1532 2891 1573 2914 er
1605 2881 1669 2915 die
1701 2881 1883 2926 Boyeren

190 2936 286 2971 umb
307 2936 370 2971 die
391 2937 744 2983 Ungerechtigkeit
764 2938 895 2977 straft,
919 2938 1049 2972 haben
1071 2938 1126 2972 sie
1147 2938 1260 2972 einen
1282 2938 1416 2973 Ritter
1436 2939 1511 2973 mit
1531 2939 1631 2973 Geld
1652 2940 1879 2981 bestochen,

131 3003 172 3030 35
189 2995 281 3030 dass
310 2995 526 3041 derselbige
554 2997 624 3031 auf
651 2998 721 3031 der
748 2997 852 3042 Jagd
882 2997 956 3031 mit
985 2997 1112 3030 einem
1140 2996 1252 3041 Copy
1280 2996 1349 3031 ihn
1377 2997 1625 3033 durchrannt
1654 2999 1737 3033 hat.
1768 2999 1882 3035 Nach

190 3054 280 3087 dem
295 3054 483 3089 Wentilla
497 3055 653 3100 YVayda
668 3056 720 3090 ist
741 3056 803 3090 ein
830 3055 988 3094 Munch,
1007 3066 1050 3089 so
1064 3055 1119 3090 sie
1133 3066 1247 3090 ausm
1265 3056 1426 3091 Kloster
1439 3067 1687 3101 genommen,
1706 3058 1883 3093 Namens

191 3112 324 3146 Radul
345 3112 500 3158 Wayda
518 3125 526 3154 ;
550 3114 676 3148 dieser
696 3115 749 3148 ist
770 3115 917 3148 frumm
938 3124 1126 3158 gewesen,
1150 3114 1236 3148 weil
1257 3125 1299 3148 er
1319 3114 1382 3149 die
1404 3115 1585 3160 Boyeren
1607 3117 1710 3150 nach
1731 3117 1884 3152 seinem

189 3170 332 3205 VViHen
356 3171 428 3206 hat
451 3171 579 3206 lassen
604 3172 788 3217 regieren,
816 3173 911 3207 aber
934 3172 1003 3207 der
1026 3172 1206 3207 turkisch
1232 3173 1373 3207 Kaiser
1397 3174 1469 3208 hat
1492 3174 1561 3209 ihn
1585 3175 1806 3220 abgesetzt.
