2209 3643
220 186 280 211 20.
310 176 419 222 Junii
453 169 563 227 1575]
991 175 1067 209 No.
1094 186 1137 209 10
1870 185 1910 208 11

219 319 342 348 mare
350 306 545 347 Axemat
560 305 694 347 bassa
708 319 810 347 cum
825 305 981 360 galeis⁶
995 310 1038 347 et
1055 305 1230 347 curavit
1250 305 1477 360 [obsidere]
1491 305 1663 347 Castam
1685 308 1728 347 et
1744 318 1916 360 pugna-

219 381 382 418 verunt
410 381 568 418 contra
595 376 767 418 Caffam
795 390 873 430 per
898 380 989 417 tres
1015 376 1122 425 dies,
1151 376 1222 418 die
1249 390 1356 417 vcro
1382 380 1546 431 quarto
1569 411 1575 418 .
1601 410 1608 418 .
1633 410 1641 417 .
1671 376 1754 431 ipsi
1779 375 1913 417 Turci

219 447 570 502 praevaluerunt
591 451 635 489 et
657 452 1033 502 expugnaverunt
1057 447 1229 489 Caffam
1250 451 1294 489 et
1317 447 1514 489 habetur
1538 448 1683 502 [nunc]
1701 447 1745 488 in
1771 447 1915 488 mani-

219 518 306 560 bus
332 519 594 560 Tuscorum.
625 518 769 559 Aliter
796 532 885 559 non
916 522 996 559 cst.
1028 518 1087 559 Et
1118 518 1264 559 fuerat
1295 518 1338 559 in
1362 518 1488 560 Caffa
1514 518 1805 573 impe[rator]‚
1836 517 1914 573 qui

191 604 206 629 5
221 589 344 644 prius
359 593 453 630 erat
466 589 711 644 imperator
726 589 770 629 in
780 588 1078 638 Ordam,cum
1094 589 1213 630 mille
1227 588 1442 638 Tartaris‚
1454 602 1569 643 quae
1585 603 1687 630 cum
1703 589 1915 631 omnibus

221 659 382 709 suis,se
392 660 678 702 subiecerunt
687 660 843 701 Turcis
858 664 902 701 et
918 660 1034 701 uniti
1049 664 1155 701 sunt
1164 659 1342 701 Tartari
1358 673 1460 701 cum
1469 659 1638 701 Turcis.
1661 661 1755 701 lsta
1768 660 1912 715 [noval

221 731 493 785 percipimus
507 731 565 772 ab
580 730 771 772 inimicis
786 730 1146 779 christianitatis,
1164 731 1221 771 ab
1236 730 1553 772 infidelissimis
1578 730 1774 786 [Turcis,]
1793 730 1916 786 quod

222 801 412 843 veniunt
450 806 609 844 contra
644 815 740 851 nos;
779 806 823 843 et
861 802 916 843 de
953 815 1073 843 novo
1111 801 1296 843 advenit
1334 801 1458 842 fama
1494 815 1575 856 pro
1611 802 1755 851 firmo,
1794 801 1917 856 quod

220 872 354 914 Turci
379 872 569 914 veniunt
596 873 653 914 ad
678 886 774 921 nos,
791 877 949 914 contra
974 886 1056 914 nos
1081 876 1125 914 et
1152 878 1310 914 contra
1335 876 1502 913 terram
1528 876 1746 922 nostram,
1769 876 1813 914 et
1840 886 1918 928 per

169 958 203 983 10
222 956 388 997 aquam
417 948 461 985 et
490 957 569 999 per
588 948 783 993 terram,
813 948 857 985 et
886 943 951 984 ita
972 943 1144 992 dicunt,
1176 943 1299 998 quod
1327 943 1481 985 valida
1508 943 1660 985 classis
1686 943 1916 998 praecedit

221 1028 323 1055 curn
357 1014 568 1055 maximis
600 1014 930 1056 munitionibus
962 1014 1320 1055 bombardarum
1354 1027 1622 1069 magnarum
1656 1027 1916 1069 expugnare

220 1085 385 1126 Albam
419 1090 463 1127 et
498 1085 702 1134 Chiliam,
748 1089 793 1126 et
838 1089 944 1126 sunt
978 1085 1023 1126 in
1056 1084 1214 1126 itinere
1241 1084 1331 1126 iam
1358 1098 1524 1140 prope;
1559 1089 1604 1126 et
1637 1099 1717 1140 per
1749 1089 1917 1126 terram

220 1155 373 1197 veniet
383 1156 503 1197 solus
511 1156 757 1211 imperator
767 1160 925 1197 contra
936 1169 1017 1197 nos
1033 1169 1291 1210 expugnare
1300 1160 1470 1197 terram
1486 1160 1691 1197 nostram
1707 1169 1917 1211 persona-

220 1226 336 1276 liter,
357 1240 460 1268 cum
485 1231 587 1268 tota
611 1240 692 1268 sua
716 1227 924 1281 potentia
948 1231 993 1268 et
1015 1241 1116 1268 cum
1139 1226 1261 1268 omni
1286 1240 1367 1268 suo
1393 1226 1593 1268 exercitu
1619 1231 1663 1268 et
1690 1240 1793 1268 cum
1818 1230 1919 1268 tota

168 1314 204 1339 15
221 1297 429 1352 potentia
455 1301 601 1339 terrae
627 1297 884 1346 Valachiae‚
913 1297 1020 1352 quia
1046 1297 1233 1338 Valachi
1260 1302 1366 1339 sunt
1405 1297 1535 1339 nobis
1573 1297 1717 1339 veluti
1754 1297 1887 1339 Turci
1909 1311 1918 1347 ;

222 1373 267 1410 et
292 1368 486 1410 credatis
509 1368 640 1410 nobis
662 1382 744 1423 pro
768 1369 912 1417 firmo,
939 1369 1062 1423 quod
1085 1382 1175 1410 non
1201 1373 1268 1410 est
1293 1369 1437 1418 aliter,
1462 1369 1548 1410 nisi
1572 1369 1646 1410 sic.
1675 1369 1921 1424 Propterea

222 1453 304 1481 vos
336 1439 431 1481 sine
462 1453 589 1481 mora
620 1439 792 1487 statim,
826 1444 877 1481 ut
910 1439 1125 1481 videbitis
1156 1439 1331 1481 litteras
1362 1443 1636 1494 praesentes,
1670 1439 1715 1481 in
1747 1444 1920 1495 puncto

224 1510 506 1565 consurgatis
537 1515 582 1552 et
614 1510 822 1551 habeatis
853 1524 1105 1552 sermonem
1137 1524 1240 1552 cum
1273 1510 1541 1560 oratoribus,
1575 1510 1650 1565 qui
1684 1510 1921 1552 vobiscum

222 1580 413 1623 veniunt
438 1595 464 1622 a
487 1595 588 1636 rege
611 1580 787 1622 Mathia
810 1581 868 1622 ad
891 1595 986 1630 nos,
1013 1585 1058 1623 et
1081 1581 1280 1623 mittatis
1302 1595 1444 1623 unum
1469 1595 1694 1623 cursorem
1717 1582 1918 1623 velocem

166 1668 199 1694 2»
223 1666 327 1694 cum
345 1652 509 1694 litteris
528 1652 694 1694 nostris
714 1656 758 1693 et
780 1665 882 1693 cum
902 1651 1065 1693 litteris
1085 1656 1331 1701 oratorum,
1353 1652 1428 1707 qui
1450 1652 1640 1694 veniunt
1660 1665 1753 1694 una
1771 1652 1920 1694 vobis-

223 1737 326 1765 cum
346 1723 405 1765 ad
422 1737 518 1765 nos.
541 1723 629 1778 Qui
648 1723 743 1777 ipse
763 1736 915 1764 cursor
935 1722 1098 1764 debeat
1119 1723 1332 1764 festinare
1352 1723 1423 1764 die
1442 1727 1673 1778 noctuque
1692 1723 1750 1764 ad
1769 1737 1918 1778 regem

222 1794 445 1836 Mathiam
472 1798 517 1836 et
544 1794 655 1836 scire
681 1793 758 1835 det
786 1807 892 1835 suae
918 1793 1090 1848 gratiae
1117 1794 1172 1835 de
1198 1794 1296 1835 istis
1322 1793 1513 1835 inimicis
1552 1794 1915 1835 christianorum.

222 1865 359 1907 Forte
380 1866 504 1907 Deus
525 1865 789 1906 informabit
807 1878 936 1906 suam
951 1864 1160 1919 gratiam,
1180 1878 1268 1919 quo
1287 1878 1332 1905 se
1349 1864 1737 1919 appropinquaret
1753 1864 1812 1906 ad
1833 1878 1916 1906 nos

222 1940 266 1978 et
292 1936 350 1977 ad
372 1936 461 1978 ista
484 1936 679 1977 confinia
707 1935 909 1977 celeriter
943 1940 987 1976 et
1011 1949 1149 1990 quam
1173 1935 1306 1976 citius
1328 1935 1423 1976 fieri
1446 1935 1630 1990 poterit,
1648 1935 1693 1976 in
1708 1935 1779 1977 die
1802 1939 1847 1977 et
1871 1935 1916 1976 in

167 2024 202 2049 213
221 2011 367 2055 nocte,
391 2021 494 2048 cum
521 2007 731 2048 omnibus
763 2020 869 2048 suae
901 2006 1073 2060 gratiae
1104 2006 1322 2060 potentiis
1354 2010 1398 2047 et
1432 2020 1535 2047 cum
1568 2006 1660 2047 suis
1691 2006 1916 2060 gentibus,

222 2091 336 2132 quas
370 2078 493 2120 Deus
527 2077 612 2119 sibi
647 2077 766 2119 dono
801 2077 926 2119 dedit
949 2091 957 2126 ;
982 2077 1059 2131 qui
1093 2090 1176 2118 nos
1208 2090 1299 2118 non
1335 2076 1662 2131 derelinqueret
1697 2077 1840 2131 perire
1874 2081 1919 2118 et

222 2152 391 2190 terram
428 2152 633 2190 nostram
659 2162 739 2203 per
776 2148 887 2189 istos
926 2161 1139 2203 paganos.
1165 2147 1357 2189 Utinam
1396 2147 1518 2188 Deus
1556 2161 1685 2189 suam
1722 2147 1917 2202 gratiam

221 2219 423 2274 inspiret,
445 2224 497 2261 ut
532 2223 780 2274 apponeret
816 2218 1096 2273 diligentiam
1130 2232 1212 2273 pro
1247 2218 1580 2259 christianitate
1615 2222 1774 2259 contra
1807 2218 1918 2259 istos

222 2290 417 2345 perfidos
451 2291 633 2332 Turcos.
672 2290 732 2331 Et
769 2290 950 2331 interim
986 2289 1070 2343 ipsi
1106 2288 1187 2330 soli
1222 2288 1355 2330 simul
1390 2302 1493 2330 cum
1529 2289 1785 2330 oratoribus
1805 2289 1920 2344 regis

170 2378 205 2403 30
223 2361 438 2410 Mathiae,
468 2361 546 2416 qui
572 2361 763 2402 veniunt
793 2360 851 2402 ad
877 2374 973 2408 nos,
1003 2360 1048 2401 in
1074 2360 1199 2401 nullo
1226 2359 1323 2400 loco
1351 2359 1577 2413 quiescere
1604 2360 1920 2414 praesumatis,

222 2431 301 2473 sed
325 2431 550 2473 festinetis
575 2431 647 2473 die
672 2436 716 2473 et
743 2435 876 2472 nocte
903 2431 960 2472 ad
985 2444 1080 2479 nos,
1098 2444 1236 2484 quam
1256 2429 1389 2471 citius
1413 2429 1508 2471 fieri
1533 2434 1601 2472 est
1626 2430 1756 2471 vobis
1782 2430 1921 2485 possi-

222 2502 324 2543 bile.
365 2502 426 2543 Et
463 2515 590 2544 secus
625 2515 717 2543 non
753 2501 945 2543 faciatis.

369 2573 544 2614 Datum
574 2573 619 2614 in
646 2573 798 2627 Jassy,
830 2572 901 2613 die
932 2584 999 2613 20.
1032 2570 1198 2612 mensis
1225 2570 1351 2624 Junii
1384 2571 1541 2626 [1475].

370 2643 489 2685 Item
514 2643 681 2692 sciatis,
710 2643 833 2698 quod
859 2642 1172 2684 antemisimus
1197 2641 1466 2683 familiarem
1491 2646 1698 2683 nostrum
1725 2642 1920 2691 Heliam,

171 2732 207 2758 35
225 2713 303 2768 qui
331 2713 552 2755 conducet
581 2718 795 2762 oratores,
825 2713 904 2768 qui
931 2712 1121 2754 veniunt
1150 2711 1209 2753 ad
1236 2725 1318 2753 nos
1346 2725 1373 2753 a
1399 2726 1501 2767 rege
1528 2712 1716 2754 Mathia.

369 2795 506 2842 (Copia
543 2806 703 2830 coaeva.
742 2795 932 2830 Archivio
969 2794 1008 2829 di
1044 2795 1171 2834 Stato,
1210 2794 1395 2828 Venezia.
1434 2794 1600 2828 Edidit:
1638 2795 1745 2828 Mon.
1785 2795 1919 2839 Hung.

224 2854 330 2889 Hist.
356 2855 460 2889 Acta
483 2857 622 2889 extera
644 2855 723 2889 vol.
750 2855 818 2888 IV.
844 2865 933 2900 pag.
960 2854 1174 2897 308—309.
1192 2856 1233 2887 et
1250 2853 1419 2898 Bogdan
1435 2853 1459 2887 l.
1483 2863 1514 2887 c.
1531 2853 1917 2898 vol.II.324—326.)

365 2949 379 2970 ⁶
408 2950 469 2983 De
494 2949 744 2994 profectione
770 2948 889 2983 Turci
928 2957 1067 2982 versus
1098 2947 1344 2982 Moldaviam
1371 2957 1420 2981 ex
1448 2947 1567 2982 Corfu
1592 2958 1648 2992 14.
1675 2947 1786 2993 Junii
1810 2958 1920 2993 1475.

229 3009 304 3042 hoc
324 3007 534 3042 scribitur:
573 3007 727 3041 Dicono
750 3017 908 3046 ancora,
934 3016 1046 3040 corne
1069 3007 1104 3040 el
1124 3005 1265 3050 Signor
1287 3006 1416 3040 Turco
1439 3007 1598 3040 haveva
1628 3008 1823 3041 mandato
1846 3007 1921 3041 essi

176 3076 212 3102 40
230 3066 436 3101 Flamburi
458 3066 536 3100 alla
557 3066 736 3106 Vlachia,
762 3066 803 3100 in
826 3066 912 3100 loco
936 3066 1044 3100 dicto
1058 3065 1167 3099 Cheli
1190 3075 1261 3111 per
1282 3065 1425 3111 pigliar
1447 3069 1556 3100 certo
1578 3075 1707 3111 passo,
1733 3067 1837 3100 dove
1859 3067 1923 3101 die

228 3127 355 3160 andar
376 3125 415 3160 la
438 3136 510 3160 sua
533 3127 712 3165 armada,
734 3127 808 3160 che
831 3128 976 3171 saputo
1000 3135 1070 3170 per
1094 3125 1194 3159 Cara
1218 3125 1398 3169 Bogdan‚
1425 3124 1532 3159 ando
1556 3128 1597 3159 et
1620 3124 1769 3160 assalto
1793 3126 1922 3172 quelle

225 3186 266 3219 in
285 3186 405 3219 modo
424 3186 496 3219 che
513 3195 594 3219 non
613 3183 760 3230 scappo
779 3184 817 3218 lo
835 3185 964 3219 Turco
983 3185 1032 3218 de
1050 3183 1182 3230 quelli.
1207 3183 1388 3228 (Ibidem,
1409 3184 1487 3218 vol.
1509 3184 1563 3218 II.
1583 3194 1673 3230 pag.
1695 3185 1796 3229 265.)
