2209 3643
210 214 245 248 5.
269 202 383 237 Febr.
408 196 518 252 15²9]
970 200 1045 235 No.
1070 209 1141 244 139
1831 197 1902 241 183

210 331 565 387 diligentissime,
595 331 654 373 ob
680 330 765 373 Dei
793 329 1118 385 omnipotentis
1142 328 1493 371 misericordiam
1522 328 1824 377 obsecrarent,
1851 331 1903 369 ut

210 403 399 445 tandem
429 401 636 458 deposita
664 401 730 443 ira
771 401 815 442 in
844 414 897 442 eo
926 405 1281 450 contentaretur,
1312 400 1435 455 quod
1464 412 1660 454 eousque
1689 403 1903 441 exustum

211 478 327 515 esset
373 477 669 529 parceretque
714 472 922 514 fidelibus
956 472 1045 513 Vrae
1076 472 1235 521 Serme,
1287 471 1460 514 videret
1508 469 1629 512 enim
1676 470 1768 512 iam
1812 470 1905 512 Sua

212 544 549 599 Magnificentia
586 543 698 585 nihil
736 548 1055 598 praeterquam
1096 543 1272 584 fumum
1311 546 1356 584 et
1398 542 1575 584 favillas
1614 546 1710 584 tam
1750 541 1795 582 in
1834 541 1904 582 his

174 629 195 656 s>
212 615 358 657 tribus
373 614 729 671 praenominatis
744 614 939 664 sedibus,
951 628 1088 669 quam
1105 614 1244 656 etiam
1261 613 1365 656 Csik
1381 618 1425 655 et
1442 613 1642 669 Gyirgyo
1657 625 1902 667 superesse.

213 687 293 728 Ille
318 699 426 728 vero
450 686 529 735 ait,
567 699 613 727 se
637 699 729 727 non
765 685 939 728 venisse
975 685 1216 740 perdendis
1251 684 1459 726 fidelibus
1483 685 1572 725 Vrae
1597 677 1678 725 Mtis
1703 683 1904 725 Clemen-

210 757 426 807 tissimae,
474 761 735 811 agnosceret
782 756 901 798 enim
951 761 995 798 et
1043 756 1137 812 ipse
1179 757 1279 798 Vf²¹¹¹¹
1320 755 1475 798 Sermam
1521 754 1624 796 Mtem
1680 759 1904 809 tanquam

210 842 359 883 regem
393 832 438 870 et
474 828 708 870 dominum
755 841 901 877 suum,
938 828 1009 869 cui
1043 827 1166 869 omni
1199 827 1420 868 fidelitate
1454 826 1498 867 in
1533 830 1726 868 mortem
1760 838 1905 880 usque

209 899 376 941 servire
408 899 559 949 vellet,
594 899 673 941 sed
707 898 769 940 eis
802 898 1008 940 funditus
1041 897 1344 953 exstirpandis
1377 897 1603 947 intrasset,
1633 896 1711 951 qui
1744 909 1791 937 se
1822 910 1905 938 nec

153 984 192 1011 10
209 984 372 1025 regem,
389 983 470 1012 nec
483 970 678 1012 waidam
693 970 858 1011 habere
873 969 1107 1019 dixissent,
1123 974 1168 1011 et
1192 969 1372 1011 interim
1394 968 1610 1023 quicquid
1632 968 1677 1009 in
1694 967 1904 1009 damnifi-

209 1041 398 1083 ficandis
440 1041 557 1083 Suae
602 1040 963 1095 Magnificentiae
1007 1040 1267 1082 hominibus
1299 1040 1445 1081 facere
1476 1039 1746 1094 potuissent,
1780 1052 1905 1094 pror-

208 1125 311 1154 sum
342 1112 596 1154 omisissent
627 1112 738 1153 nihil
769 1112 991 1166 quosdam
1022 1111 1160 1152 etiam
1191 1110 1498 1152 trucidandos.
1544 1110 1604 1152 Et
1635 1109 1905 1164 quotiesque

209 1183 386 1225 litteras
414 1184 504 1225 Vrae
529 1183 672 1225 Sermae
699 1176 779 1224 Mtis
809 1183 882 1224 vel
918 1182 1145 1237 Magnifici
1186 1181 1357 1223 domini
1385 1181 1620 1223 waivodae
1648 1180 1905 1223 Transilva-

209 1254 373 1304 nensis,
396 1258 447 1295 ut
473 1254 658 1309 pacifice
682 1253 903 1303 viverent,
928 1253 1080 1294 omnia
1100 1254 1194 1295 iure
1214 1252 1461 1295 revidendo
1480 1256 1646 1301 sontes,
1672 1251 1904 1306 puniendo

154 1340 192 1366 15
210 1325 417 1367 innoxios
437 1338 545 1367 vero
558 1325 694 1366 libere
717 1324 989 1366 dimittendo
1013 1324 1071 1365 ad
1091 1337 1166 1366 eos
1186 1323 1392 1372 misisset,
1415 1322 1699 1378 contemptui
1720 1322 1906 1363 habitae

210 1400 350 1450 atque
401 1396 540 1437 etiam
591 1400 859 1451 conspectae
916 1399 1079 1444 essent,
1127 1394 1211 1436 illis
1263 1394 1519 1436 dicentibus
1564 1393 1648 1435 sibi
1699 1397 1903 1449 tempore

209 1466 453 1521 interregni
495 1466 687 1508 liberum
729 1480 823 1508 esse
866 1466 1237 1521 praedationibus
1279 1465 1483 1520 grassari.
1529 1465 1782 1513 Praeterea,
1827 1463 1906 1519 qui

210 1537 444 1587 dixissent,
484 1537 563 1579 ubi
600 1537 798 1592 primum
830 1541 1076 1586 vernasset,
1117 1550 1163 1578 se
1202 1536 1261 1578 ad
1295 1536 1553 1591 Johannem
1591 1535 1904 1591 Zapolianum,

209 1622 342 1650 suum
369 1613 484 1664 puta
509 1621 658 1663 regem
685 1607 943 1663 profecturi,
974 1607 1057 1662 ipsi
1085 1607 1252 1649 auxilia
1280 1607 1476 1649 ferenda.
1507 1607 1574 1648 Ne
1602 1619 1705 1661 ergo
1732 1606 1778 1648 id
1804 1619 1906 1661 pos-

150 1693 192 1720 20
209 1684 324 1728 sent,
370 1693 416 1721 se
459 1678 537 1728 ait,
582 1692 657 1720 eos
699 1679 927 1734 punivisse
958 1678 1075 1720 vires
1117 1692 1272 1720 eorum
1320 1678 1572 1720 atterendo.
1625 1677 1737 1719 Cum
1785 1690 1903 1731 ergo,

211 1750 565 1792 Clementissime
592 1750 813 1805 princeps,
844 1750 889 1791 in
918 1749 1076 1791 mediis
1103 1749 1339 1791 sedeamus
1367 1748 1511 1797 malis,
1541 1748 1683 1790 altero
1712 1762 1739 1790 a
1765 1748 1906 1789 latere

210 1835 392 1876 aquam,
425 1821 568 1862 altero
597 1834 705 1862 vero
734 1821 882 1875 ignem
912 1820 1146 1870 habenteS,
1178 1820 1511 1874 timeamusque
1540 1819 1737 1861 maxime
1778 1818 1906 1861 brevi

210 1892 366 1947 ingens
394 1892 566 1933 malum
595 1892 738 1933 nostri
767 1892 813 1933 in
842 1891 991 1933 medio
1019 1896 1302 1946 erupturum,
1333 1903 1544 1945 rogamus
1573 1890 1630 1931 ob
1659 1889 1905 1931 misericor-

210 1963 333 2004 diam
361 1963 687 2018 omnipotentis
714 1963 812 2012 Dei,
841 1967 892 2004 ut
920 1966 1076 2017 gentes
1102 1975 1206 2004 suas
1234 1961 1292 2003 ad
1318 1974 1400 2003 nos
1426 1961 1599 2010 mittat,
1629 1973 1746 2015 quae
1772 1964 1906 2002 tanto

152 2037 191 2063 *25
210 2034 331 2075 malo
377 2033 699 2089 praeveniendi
748 2047 902 2075 curam
937 2037 1110 2088 gerant,
1161 2032 1329 2087 alioqui
1376 2032 1622 2073 metuimus
1668 2031 1906 2072 nobiscum

210 2109 366 2147 actum
388 2105 476 2147 iri.1
499 2104 580 2146 Cui
601 2118 683 2146 nos
705 2104 829 2146 omni
850 2104 1071 2146 fidelitate
1093 2108 1249 2145 nostra
1270 2103 1315 2144 in
1337 2116 1502 2144 aevum
1524 2101 1818 2144 devincimus

356 2176 427 2217 Ex
472 2175 728 2225 Brassovia,
775 2175 873 2230 ipso
918 2175 988 2217 die
1034 2175 1204 2216 Beatae
1249 2174 1456 2229 Agathae
1517 2173 1725 2228 Virginis.
1772 2172 1907 2214 Anno

211 2246 395 2288 Domini
423 2257 547 2301 1529.

356 2317 573 2359 Eiusdem
594 2317 738 2359 Serme
772 2313 853 2358 Mtis
877 2316 1029 2359 fideles

154 2450 194 2477 30
941 2434 1084 2476 Iudex
1105 2438 1150 2475 et
1175 2433 1312 2475 iurati
1332 2433 1452 2475 cives
1478 2432 1678 2474 civitatis
1705 2432 1905 2474 Coronae

1104 2508 1149 2546 et
1177 2503 1372 2545 seniores
1400 2508 1545 2545 terrae
1574 2503 1759 2544 Barcza.

353 2647 578 2692 (Originale.
619 2646 906 2686 Staatsarchiv,
949 2646 1075 2679 XVien.
1118 2645 1360 2689 Hungarica.
1416 2644 1579 2678 Edidit:
1634 2643 1783 2677 Archiv
1838 2644 1907 2679 des

211 2706 400 2741 Vereines
426 2707 490 2740 fiir
518 2707 863 2752 siebenbiirgische
887 2705 1179 2740 Landeskunde
1210 2704 1288 2737 vol.
1314 2706 1373 2737 26.
1396 2714 1488 2749 pag.
1512 2703 1742 2748 637—638.)

359 2872 372 2892 1
402 2872 463 2906 De
486 2872 548 2906 his
572 2872 817 2907 tumultibus
846 2883 935 2918 pag.
965 2871 1000 2906 8.
1029 2870 1239 2916 protocolli
1261 2870 1413 2904 archivi
1438 2868 1698 2903 Provincialis
1725 2868 1906 2903 Francis-

157 2945 197 2971 35
214 2940 407 2964 canorum
448 2931 680 2976 Hungariae
722 2932 763 2966 in
808 2931 1025 2976 Gyongyos
1064 2931 1162 2964 haec
1202 2929 1323 2964 dicit:
1371 2929 1488 2962 Anno
1522 2938 1619 2973 1529
1648 2928 1689 2962 in
1717 2927 1906 2973 Transyl-

214 2989 337 3023 vania
368 2990 409 3023 in
435 2989 626 3025 conflictu
651 2990 921 3025 Valachorum
946 2988 1280 3023 Moldaviensium
1318 2987 1520 3022 interfecti
1544 2989 1640 3021 sunt
1665 2989 1905 3032 sequentes:

215 3047 357 3082 Frater
385 3048 576 3093 Georgius
609 3049 658 3083 de
684 3049 815 3094 Bogat
845 3048 1031 3083 sacerdos
1055 3057 1147 3082 cum
1177 3046 1264 3081 aliis
1293 3046 1464 3081 duobus.
