2209 3643
217 182 251 215 4.
274 170 368 205 Maii
391 165 501 220 1525]
1002 174 1076 209 ΝΟ·
1099 184 1147 216 99
1847 188 1916 224 135

223 300 497 343 dominicam
547 301 801 344 Invocavit.
853 303 986 345 Anno
1034 304 1219 346 Domini
1267 306 1503 348 Millesimo
1557 307 1920 363 quingentesimo

222 371 438 426 vigesimo
464 372 637 427 quinto.

365 464 558 503 Titulus:
611 464 769 502 Amicis
819 466 904 504 suis
956 468 1214 507 Reverendis
1265 469 1440 520 capituli
1486 470 1681 509 ecclesiae
1726 471 1920 510 Albensis

221 522 524 561 Transilvanae
565 536 642 575 pro
686 524 815 562 nobili
853 526 1094 565 Alexandro
1125 528 1210 566 filio
1243 529 1423 567 condam
1457 530 1664 569 Horwath
1696 531 1920 582 Logoffeth

191 582 448 633 bboyaronis
481 582 856 634 Transalpinensis.
894 586 1210 625 Introductoria
1244 592 1285 626 et
1316 588 1566 628 Statutoria.

415 668 642 713 (Originale.
670 670 865 715 Orszagos
891 672 1087 711 Lex-eltzir,
1119 674 1338 720 Budapest.
1369 675 1432 709 Dl.
1462 677 1615 718 29980.)

1037 825 1105 866 99.

770 934 982 989 Lcmberg,
1015 948 1053 988 ᾳ.
1087 937 1210 978 Maii
1241 950 1367 991 1525.

303 1023 409 1063 Otto
431 1023 482 1062 de
502 1023 692 1062 Chodecz
712 1024 928 1075 palatinus
959 1026 1136 1064 Russiae
1166 1028 1332 1066 senatui
1363 1028 1551 1068 civitatis
1581 1030 1836 1070 Besztercze.

171 1131 207 1156 10
365 1123 513 1177 Rogat,
535 1127 581 1163 ut
600 1123 841 1164 litterarum
856 1138 1036 1165 suarum
1057 1130 1245 1167 ostensor
1258 1131 1437 1168 matrem
1451 1132 1487 1169 et
1502 1129 1723 1183 coniugem
1737 1130 1922 1171 duorum

224 1194 478 1235 boiaronum
494 1194 550 1234 M
553 1194 815 1243 oldavorum,
844 1208 951 1249 quae
978 1196 1099 1250 apud
1126 1210 1194 1238 eos
1221 1197 1424 1239 iuvamen
1454 1199 1722 1250 invenerunt,
1751 1205 1837 1243 tute
1866 1202 1922 1243 ad

223 1279 324 1306 suos
356 1265 553 1306 dominos
582 1265 814 1306 Polom'am
849 1266 1046 1308 comitari
1077 1268 1228 1322 possit.

370 1371 483 1413 Otta
512 1372 566 1413 de
596 1372 799 1413 Chodecz
840 1373 1071 1427 palatinus
1101 1375 1290 1416 Russiae
1317 1376 1535 1430 generalis
1563 1382 1607 1419 et
1638 1378 1921 1429 Haliciensis,

226 1442 530 1491 Colomiensis,
572 1443 975 1498 Snyatinensisque
1017 1445 1293 1500 capitaneus.
1340 1447 1543 1489 Famatis
1585 1449 1779 1491 dominis
1821 1465 1923 1506 pro-

171 1521 210 1546 15
227 1514 413 1556 consulo
439 1518 484 1555 et
510 1514 770 1555 consulibus
793 1515 1071 1570 caeterisque
1105 1517 1346 1571 praefectis
1380 1518 1742 1575 quibuscumque
1775 1522 1924 1564 titulis

225 1584 393 1626 tuerint
422 1584 623 1640 insigniti
662 1585 863 1626 civitatis
892 1586 1189 1629 Bistricensis.
1220 1588 1389 1630 Amicis
1417 1594 1544 1644 grate
1572 1591 1702 1633 nobis
1731 1593 1918 1635 dilectis.

368 1656 548 1697 Famati
575 1656 761 1705 domini,
790 1657 1012 1699 credimus
1044 1672 1135 1700 non
1155 1672 1249 1700 esse
1275 1659 1555 1715 incognitum
1582 1662 1923 1706 lamentabilem

226 1741 381 1769 casum
397 1727 670 1782 Gavrylonis
684 1727 948 1770 Vistiernik1
964 1733 1008 1770 et
1026 1729 1189 1785 Costye
1204 1731 1573 1781 Moldavitarum,
1591 1733 1668 1787 qui
1698 1740 1825 1776 metu
1854 1736 1923 1777 sui

227 1798 450 1840 voivodae
493 1798 784 1853 desperantes
827 1799 881 1840 de
923 1813 1005 1841 sua
1047 1801 1192 1842 salute
1234 1802 1293 1843 ad
1334 1803 1519 1845 Vestras
1562 1804 1826 1847 Fidelitates
1868 1820 1924 1848 ex

173 1876 209 1901 20
226 1869 456 1911 Moldavia
477 1869 522 1910 in
544 1869 829 1924 Bystriczam
851 1884 953 1911 cum
976 1872 1191 1913 uxoribus
1212 1878 1256 1914 et
1278 1873 1501 1916 matribus
1521 1875 1612 1916 suis
1633 1877 1922 1931 aufugerunt.

227 1940 401 1982 Deinde
426 1940 593 1982 relictis
617 1940 874 1994 u[x0ri]bus
900 1941 990 1983 suis
1015 1947 1059 1983 et
1086 1943 1322 1993 matribus,
1350 1958 1443 1986 sese
1469 1946 1513 1987 in
1539 1960 1725 2001 regnum
1752 1948 1923 1989 domini

226 2011 369 2053 nostri
406 2011 782 2065 clementis[simi]
819 2013 1122 2062 contulerunt,
1161 2015 1447 2070 susceptique
1484 2022 1590 2058 sunt
1627 2032 1707 2072 per
1739 2019 1922 2060 Sacram

228 2082 417 2137 Regiam
446 2082 734 2124 Maiestatem
762 2097 843 2137 pro
871 2084 1024 2133 servis,
1054 2085 1315 2140 habentque
1344 2100 1478 2141 super
1505 2102 1643 2142 equos
1671 2090 1921 2139 servitium,

228 2153 354 2195 cuius
391 2153 454 2195 rei
492 2167 574 2195 nos
612 2154 925 2196 testimonium
966 2155 1126 2197 damus
1165 2156 1233 2198 his
1271 2158 1436 2199 nostris
1474 2159 1665 2213 scriptis.
1708 2161 1924 2203 Nolentes

175 2230 213 2256 25
229 2224 384 2278 itaque
409 2224 471 2266 sic
497 2239 679 2266 manere
710 2225 908 2280 separati
933 2226 990 2267 ab
1016 2226 1232 2268 uxoribus
1257 2228 1362 2277 suis,
1390 2229 1471 2270 hos
1496 2230 1772 2273 exhibitores
1796 2246 1923 2287 prae-

228 2295 425 2337 sentium
452 2295 645 2337 mittunt
673 2296 733 2337 ad
759 2297 943 2338 Vestras
971 2297 1234 2339 Fidelitates
1261 2313 1364 2340 cum
1391 2300 1511 2342 hisce
1538 2302 1703 2343 nostris
1729 2302 1922 2357 scriptis,

228 2380 344 2420 quae
370 2380 466 2415 nos,
483 2367 642 2408 habito
668 2372 876 2422 respectu
903 2368 1102 2422 ipsorum
1129 2370 1326 2418 eventui,
1354 2376 1484 2425 grato
1511 2371 1717 2414 dedimus
1744 2373 1922 2423 animo;

229 2437 590 2492 affectamusque
639 2439 824 2479 Vestras
874 2438 1152 2487 Fidelitates,
1203 2440 1372 2482 amicos
1420 2447 1464 2483 et
1514 2443 1685 2484 vicinos
1745 2449 1924 2486 nostros

229 2508 429 2557 dilectos,
471 2513 523 2550 ut
564 2523 680 2550 uxor
719 2509 992 2564 Gavrylonis
1032 2510 1291 2560 Vistiernik,
1333 2517 1480 2553 mater
1521 2514 1684 2569 Costye
1725 2520 1769 2556 et
1810 2529 1925 2557 uxor

174 2585 210 2610 20
229 2578 406 2633 Georgii
434 2579 700 2635 Dvornyka,
731 2594 846 2634 quae
875 2580 962 2622 illic
990 2580 1035 2621 in
1064 2581 1283 2623 Bistricza
1310 2583 1442 2624 hodie
1470 2588 1590 2633 sunt,
1621 2599 1723 2626 cum
1752 2586 1923 2627 exhibi—

228 2649 404 2691 toribus
429 2651 736 2704 praesentium
762 2651 824 2693 ire
850 2651 1188 2706 permittantur.
1219 2653 1321 2694 Non
1348 2658 1476 2696 extat
1503 2655 1622 2697 enirn
1649 2655 1734 2697 illis
1760 2657 1923 2699 securi-

229 2725 301 2762 tas
330 2721 544 2762 manendi
575 2722 699 2776 apud
728 2723 912 2763 Vestras
944 2722 1208 2764 Fidelitates
1238 2728 1282 2764 et
1313 2724 1561 2779 periculum
1593 2740 1808 2781 magnum
1839 2727 1924 2769 illis

229 2791 435 2833 imminet
456 2791 502 2832 in
516 2791 704 2842 itinere;
735 2807 841 2834 narn
871 2793 946 2834 via
974 2807 1000 2834 a
1029 2793 1215 2835 civitate
1244 2794 1463 2837 Bistricza
1492 2797 1639 2839 tendit
1669 2811 1810 2852 usque
1839 2799 1923 2840 sub

231 2876 379 2904 arcem
433 2863 656 2904 voivodae
711 2864 936 2919 Chychow
989 2869 1215 2913 vocatam,
1271 2865 1528 2921 ibidemque
1582 2868 1925 2923 distinguuntur

177 2938 213 2964 35
232 2933 347 2974 duae
384 2932 514 2974 viae:
554 2947 647 2975 una
684 2933 729 2975 in
767 2948 953 2989 regnum
993 2935 1163 2976 domini
1201 2936 1343 2977 nostri
1381 2937 1716 2980 clementissimi
1753 2944 1797 2981 et
1837 2940 1924 2982 alia

231 3004 276 3044 in
307 3008 449 3045 terras
479 3004 702 3046 voivodae
732 3005 1064 3053 Moldaviensis,
1097 3006 1242 3047 iacere
1273 3007 1515 3062 dignentur
1544 3009 1730 3051 Vestrae
1762 3011 1923 3052 Fideli-

376 3160 389 3180 1
415 3159 464 3193 In
489 3159 692 3204 originali:
719 3160 968 3206 Vystielnyk.
