2209 3643
307 208 380 241 268
1066 200 1140 236 No.
1164 212 1236 235 222
1371 219 1375 223 «
1678 194 1750 248 [13.
1775 200 1873 245 Aug.
1899 201 1996 244 1536

306 336 622 380 Maiestatibus
667 328 743 377 Vris
788 333 987 375 maxime
1044 335 1203 374 contra
1258 332 1428 374 Turcas
1472 343 1563 372 non
1608 343 1770 385 parum
1815 329 1994 372 servire.

308 407 658 451 Intertenendus
680 409 748 446 est
771 417 849 459 spe
871 407 916 445 et
938 402 1087 458 gratia
1108 395 1189 444 Mtis
1211 402 1400 444 Vestrae
1417 414 1425 451 ;
1461 404 1548 442 ete.

451 478 520 519 Ex
553 475 780 524 Cassovia,
813 474 977 516 ultima
1003 472 1115 528 Julii
1148 472 1272 526 1536.

449 582 676 627 (Originale.
691 580 980 619 Staatsarchiv,
998 579 1123 614 Wien.
1142 578 1385 624 Hungarica.
1403 577 1567 612 Edidit:
1595 577 1743 612 Archiv
1770 577 1838 611 des
1864 577 1996 611 Verei-

305 654 375 678 nes
400 643 464 677 fiir
491 640 838 685 siebenbi'irgische
867 638 1162 673 Landeskunde
1191 638 1269 672 vol.
1303 648 1362 680 29.
1394 647 1483 683 pag.
1516 637 1620 682 598.)

1097 824 1197 865 222.

826 936 1040 989 Pozsony,
1074 946 1144 987 13.
1182 934 1373 989 Augusti
1405 934 1532 987 1536.

573 1027 744 1067 Alexius
776 1025 956 1066 Bethlen
990 1024 1256 1064 Ferdinando
1289 1024 1321 1063 I.
1357 1023 1442 1075 regi
1475 1022 1727 1074 Hungariae.

448 1140 699 1195 Stephanus
728 1137 919 1191 Maylad
963 1136 1253 1178 Franciseum
1282 1135 1425 1176 Ldzcir
1453 1134 1532 1176 etsi
1559 1133 1865 1185 fidelissimum
1898 1134 2001 1175 Fer-

305 1212 492 1255 dinandi
515 1211 641 1266 regis,
666 1209 853 1260 interfici
877 1208 1021 1257 iussit,
1047 1207 1153 1249 dum
1176 1206 1272 1261 ipse
1309 1206 1433 1248 modo
1457 1205 1566 1260 regis
1589 1204 1842 1247 devincendi
1862 1205 2000 1259 gratia
2017 1226 2055 1253 10

304 1284 530 1326 vazssvodam
561 1282 617 1324 M
620 1281 815 1324 oldaviae
846 1279 1073 1321 inviderat.

446 1400 760 1458 Superioribus
781 1399 940 1442 diebus
961 1399 1016 1441 de
1037 1402 1183 1440 morte
1204 1397 1384 1453 Egregii
1404 1396 1632 1439 Francisci
1652 1395 1834 1438 Lazaris
1851 1395 2001 1447 Siculi,

305 1473 534 1517 servitoris
591 1470 838 1514 fidelissimi
889 1463 970 1512 Mtis
1014 1470 1054 1511 V
1058 1472 1104 1487 ¹³³⁶
1147 1469 1347 1510 Sacramae
1392 1468 1751 1524 significaveram
1803 1471 2000 1509 tantum.

306 1543 736 1601 Impraesentiarum
784 1555 892 1584 vero
930 1541 1116 1582 modum
1166 1538 1493 1582 interfectionis
1530 1553 1609 1594 per
1644 1538 1899 1594 Maylatum
1936 1531 2002 1580 Mti

305 1618 392 1658 Vs*e
413 1616 613 1658 Sacramae
648 1613 880 1655 humiliter
915 1624 1155 1667 exponam.
1194 1612 1345 1666 Quum
1381 1610 1476 1666 ipse
1510 1609 1684 1666 Maylat
1720 1609 2004 1665 praedictum
2018 1621 2054 1647 15

306 1687 595 1729 Franciscum
618 1684 854 1740 delegisset
877 1687 922 1725 et
945 1683 1154 1731 misisset,
1171 1686 1222 1724 ut
1244 1681 1383 1731 viam,
1400 1695 1492 1736 qua
1512 1681 1752 1723 Moldavus
1774 1680 1819 1722 in
1841 1680 2003 1722 Trans-

305 1758 544 1800 silvaniam
570 1755 759 1811 irrumpi
784 1758 951 1811 posset,
974 1754 1244 1801 obstrueret,
1272 1766 1328 1794 ne
1348 1752 1515 1794 scilicet
1543 1751 1605 1792 illi
1631 1751 1783 1793 aditus
1810 1754 2002 1806 pateret,

306 1834 415 1871 tune
443 1842 551 1871 vero
579 1826 844 1869 Franciscus
873 1826 1070 1867 Lazarus
1098 1824 1183 1866 sub
1211 1837 1263 1865 eo
1291 1827 1534 1879 praetextu
1562 1826 1791 1877 receperat
1820 1835 1915 1864 sese
1943 1822 2002 1864 ad

307 1900 585 1948 Moldavum‚
603 1902 829 1953 quatenus
852 1896 1001 1952 ipsum
1017 1896 1062 1937 in
1077 1894 1298 1937 auxilium
1320 1898 1365 1936 et
1388 1892 1701 1935 liberationem
1724 1893 2003 1935 Transsilva-

305 1985 466 2013 norum
487 1971 712 2018 educeret,
741 1967 864 2023 quod
891 1972 936 2009 et
964 1966 1141 2008 fecisset
1168 1965 1281 2007 adeo
1308 1964 1371 2006 illi
1397 1964 1578 2006 nomine
1606 1957 1686 2005 Mtis
1702 1964 1789 2005 Vrae
1802 1963 2002 2005 Sacramae
2017 1974 2054 2001 20

307 2044 604 2097 persuaserat,
644 2040 690 2081 in
734 2039 1028 2092 animumque
1060 2037 1176 2078 illius
1216 2036 1484 2085 induxerat;
1524 2048 1682 2077 verum
1725 2048 1828 2076 cum
1885 2038 2000 2076 esset

307 2114 351 2155 in
401 2112 559 2154 itinere
602 2111 862 2166 explorator
905 2108 1092 2164 quidam
1135 2107 1275 2162 ipsius
1320 2106 1509 2162 Maylat,
1554 2105 1672 2147 vidit
1716 2109 1900 2147 euntem
1944 2104 2002 2147 ad

307 2184 454 2239 ipsum
486 2182 765 2230 Moldavum‚
811 2193 1044 2235 quumque
1087 2178 1347 2233 explorator
1389 2177 1585 2219 venisset
1624 2177 1682 2218 ad
1731 2176 2000 2232 Maylatum,

307 2254 505 2310 prodidit
533 2252 823 2295 Franciscum
850 2252 1005 2293 Lazar.
1046 2249 1220 2305 Maylat
1247 2249 1421 2290 dictum
1458 2247 1748 2289 Franciscum
1797 2261 1899 2289 cum
1936 2261 2001 2288 re-

308 2326 480 2374 diisset,
507 2339 614 2366 mox
635 2323 754 2378 cepit
776 2321 1116 2377 decapitarique
1140 2320 1285 2362 fecit}
1310 2320 1445 2361 Hunc
1466 2318 1626 2360 habuit
1649 2318 1823 2360 exitum
1846 2318 2000 2359 Sacra·
2013 2328 2049 2354 25

308 2396 482 2438 tissima
508 2395 723 2437 Maiestas
751 2393 907 2448 Regia,
936 2392 982 2434 in
1031 2391 1158 2434 ouius
1206 2395 1354 2433 morte
1390 2403 1481 2432 non
1518 2402 1662 2444 parva
1706 2388 1883 2436 iactura
1933 2392 2001 2429 est

308 2468 444 2516 faeta,
490 2466 567 2521 qui
600 2465 784 2520 quidem
828 2464 973 2506 eidem
1006 2455 1072 2504 Mti
1104 2463 1193 2504 Vrae
1237 2461 1380 2504 fidelis
1424 2465 1520 2503 erat
1564 2459 1785 2509 servitor;
1840 2458 2002 2501 deinde

308 2541 480 2579 restant
512 2537 659 2578 adhuc
689 2536 779 2578 duo
809 2535 971 2576 fratres
1000 2533 1201 2575 eiusdem
1230 2532 1341 2574 satis
1369 2530 1556 2580 strenui,
1587 2531 1665 2586 qui
1700 2535 1745 2572 et
1780 2529 1865 2585 ipsi
1900 2529 2001 2570 lati-

308 2612 424 2649 tant.
450 2608 569 2649 Nam
593 2607 629 2648 si
652 2607 733 2648 hos
758 2619 939 2660 quoque
962 2605 1128 2646 habere
1151 2608 1301 2659 posset
1328 2602 1502 2658 Maylat
1538 2601 1671 2643 simili
1691 2604 1836 2642 morte
1862 2599 2000 2641 mulc-

308 2682 425 2720 taret
452 2678 622 2719 ambos.
2013 2681 2050 2707 3⁰

453 2748 647 2797 Posonii,
678 2760 743 2800 13.
772 2746 967 2801 Augusti
995 2745 1118 2798 1536.

633 2854 858 2899 (Originale.
889 2852 1176 2892 Staatsarchiv,
1211 2851 1337 2885 VVien.
1371 2849 1630 2894 Hungariea.)

459 2997 472 3017 1
496 2996 584 3029 Hoc
611 3006 642 3029 1.
667 2995 762 3041 Julii
784 2995 938 3029 factum
960 2997 1021 3028 est
1043 2993 1262 3028 seeundum
1284 2990 1587 3026 annotationem
1610 2989 1786 3023 eiusdem
1805 2999 1812 3022 :
1836 2988 1999 3034 Maylad

165 3062 191 3083 1·
214 3052 274 3091 Jul.
313 3055 481 3089 sabbato
513 3054 575 3088 die
604 3053 667 3087 SS.
702 3053 810 3087 Petri
837 3056 878 3087 et
897 3052 1011 3086 Pauli
1030 3052 1214 3097 sequenti
1234 3049 1488 3084 Franciscum
1508 3047 1634 3082 Lazar
1652 3048 1692 3081 in
1712 3047 1848 3092 Regen
1867 3047 1998 3092 eapite

313 3113 431 3157 plecti
453 3113 575 3146 iubet.
605 3107 861 3155 (Tortenelmi
884 3111 973 3151 Tar,
1003 3111 1111 3145 1880.
1137 3120 1226 3155 pag.
1251 3109 1353 3152 636.)
2014 3116 2049 3142 35
