2209 3643
162 206 197 238 4.
222 192 321 238 Aug.
348 187 459 242 1523]
930 191 1004 226 No.
1031 200 1078 235 94
1785 198 1856 233 127

164 323 355 364 condam
394 321 631 363 Barnabae
661 321 776 362 Bani
799 321 1129 370 Zewrenicnsis,
1157 322 1265 363 item
1292 320 1498 363 Marthae
1526 320 1706 361 relictae
1737 317 1859 360 Petri

164 393 369 435 Ravazdi
385 393 439 434 de
453 393 622 448 Arany,
640 392 923 435 Katharinae
947 393 1128 435 relictae
1149 393 1341 434 condam
1365 391 1538 433 Nicolai
1559 391 1613 432 de
1635 389 1857 437 Kemend,

163 465 336 520 puellae
369 463 583 505 Frusinae
619 463 738 504 filiae
767 463 966 505 eiusdem
999 464 1207 505 dominae
1239 464 1406 505 Elenae
1438 462 1612 504 ratione
1640 460 1860 516 portionis

162 535 537 590 possessionariae
578 534 623 575 in
664 534 1020 589 possessionibus
1062 535 1254 577 Csokmo
1295 539 1339 576 et
1381 534 1599 575 Thewrek
1640 532 1684 573 in
1723 531 1859 573 comi-

129 611 266 648 statu
320 605 660 661 Hunyadiensi;
711 605 820 646 item
859 606 1091 659 Johannes
1145 606 1199 647 de
1255 605 1476 653 Kemend,
1520 604 1629 646 item
1676 602 1860 644 domina

163 678 450 731 Margaretha
500 676 657 718 relicta
713 677 905 718 condam
961 677 1156 719 Ladislai
1210 676 1441 718 Palathicz
1492 675 1666 717 ratione
1727 673 1859 715 unius

162 748 369 789 sessionis
412 747 681 796 nobilitaris,
733 761 870 801 quam
916 748 1012 803 ipsa
1061 748 1337 789 inhabitavit
1388 752 1431 789 et
1480 745 1858 802 pertinentiarum

161 819 376 868 eiusdem,
414 818 557 860 altera
594 818 665 859 die
704 818 1052 861 introductionis
1090 818 1437 861 contradixisset
1476 822 1520 859 et
1550 817 1610 859 sic
1660 815 1860 858 evocatis

161 894 266 931 sunt
299 890 357 931 ad
387 894 573 931 octavas
604 888 978 944 Epiphaniarum.

110 1069 146 1096 10
975 1065 1045 1106 94.

714 1162 859 1211 Euda,
891 1174 930 1215 4.
965 1162 1156 1216 Augusti
1186 1173 1313 1215 1523.

304 1251 545 1290 Ludovicus
582 1252 637 1290 II.
668 1265 739 1290 rex
777 1252 1020 1301 Hungariae
1055 1252 1243 1303 capitulo
1279 1253 1475 1291 ecclesiae
1510 1253 1716 1292 Albensis.

307 1351 576 1392 Mandatum
603 1351 878 1392 statutorium
905 1356 982 1406 pro
1009 1351 1229 1406 Logosetul
1254 1352 1301 1393 H
1304 1352 1475 1401 orwatlz,
1507 1352 1659 1394 Banul
1694 1352 1863 1394 Pdrwsl

165 1425 200 1462 et
259 1421 544 1463 Vistz'ernicztl
590 1422 759 1463 Vancia
809 1426 939 1477 super
981 1422 1250 1477 possessione
1307 1423 1497 1478 Algydgy
1548 1423 1596 1465 in
1658 1424 1862 1466 comitatu

111 1508 146 1534 15
164 1492 210 1533 H
213 1492 477 1546 unyadiensi
509 1493 720 1534 existenti.

310 1598 570 1640 Ludovicus
592 1599 677 1640 Dei
698 1599 844 1654 gratia
867 1613 944 1641 rex
968 1600 1231 1654 Hungariae
1253 1604 1298 1642 et
1322 1600 1568 1643 Bohemiae
1590 1606 1674 1644 etc.
1701 1602 1861 1645 Fideli-

165 1669 250 1710 bus
278 1669 445 1711 nostris
474 1669 676 1725 capitulo
703 1671 915 1713 ecclesiae
943 1670 1152 1712 Albensis
1179 1671 1540 1714 Transsilvanae.
1578 1672 1781 1715 Salutem
1816 1678 1861 1715 et

164 1741 372 1795 gratiam.
406 1740 518 1782 Cum
548 1755 631 1783 nos
660 1742 880 1785 habentes
910 1746 1164 1796 respectum
1196 1743 1254 1784 ad
1284 1743 1562 1798 praeclaram
1592 1743 1861 1786 fidelitatem

166 1817 211 1854 et
243 1811 532 1853 servitiorum
562 1812 726 1854 merita
752 1813 954 1855 fidelium
980 1818 1240 1855 nostrorum
1266 1814 1607 1868 Magnificorum
1640 1815 1862 1857 Hor-wath

114 1898 149 1923 20
166 1883 403 1938 Logofeth,
436 1883 579 1924 Perwl
609 1883 718 1925 bani
748 1889 792 1926 et
824 1885 1028 1926 Wancha
1058 1884 1272 1934 Wizther‚
1305 1884 1574 1927 boiaronum
1605 1886 1861 1942 Transalpi-

165 1953 387 2003 nensium‚
413 1967 530 2008 quae
554 1954 689 1996 iidem
713 1969 866 1997 sacrae
890 1955 1109 2011 imprimis
1132 1956 1266 1997 huius
1288 1956 1412 2011 regni
1434 1956 1578 1998 nostri
1601 1957 1864 2012 Hungariae

167 2038 358 2067 coronae
395 2029 440 2066 et
479 2025 641 2067 deinde
678 2026 909 2068 Maiestati
945 2031 1127 2068 nostrae
1164 2040 1246 2082 pro
1282 2027 1483 2069 locorum
1521 2032 1566 2069 et
1604 2032 1862 2084 temporum

166 2096 390 2139 varietate
422 2095 740 2147 exhibuerunt,
774 2102 873 2140 tum
905 2097 1102 2138 maxime
1133 2097 1179 2138 in
1210 2111 1276 2147 eo,
1310 2098 1433 2153 quod
1464 2099 1595 2140 annis
1626 2100 1863 2154 superiori—

166 2168 252 2209 bus
275 2166 484 2208 hostibus
515 2168 681 2210 nostris
713 2168 869 2211 Turcis
900 2182 1141 2209 numerosa
1176 2169 1471 2211 multitudine
1513 2169 1863 2225 Transalpinum

114 2252 152 2278 25
167 2251 258 2280 non
278 2237 415 2279 semel
445 2237 768 2281 invadentibus
788 2244 834 2282 et
854 2239 1093 2294 subiugare
1114 2240 1385 2281 conantibus
1415 2239 1525 2282 totis
1551 2240 1722 2282 viribus
1748 2241 1863 2297 ipso-

166 2323 268 2351 rum
288 2308 576 2359 restitissent,
610 2324 768 2352 verum
795 2311 873 2352 ubi
900 2311 1077 2352 illorum
1110 2311 1301 2365 impetui
1325 2310 1590 2353 sustinendo
1614 2326 1745 2367 pares
1772 2326 1862 2354 non

168 2384 332 2429 essent,
372 2379 630 2422 maluerunt
670 2381 819 2436 patria
873 2381 1092 2435 bonisque
1132 2381 1223 2422 suis
1262 2395 1424 2431 carere,
1465 2396 1604 2436 quam
1642 2383 1779 2425 fidem
1818 2388 1862 2426 et

167 2450 437 2492 fidelitatem
473 2451 604 2492 nobis
641 2456 686 2493 et
724 2466 876 2494 sacrae
913 2465 1103 2495 coronae
1140 2452 1402 2507 Hungariae
1439 2452 1642 2495 debitam
1679 2454 1861 2504 violare,

169 2535 305 2576 seque
330 2521 376 2562 in
400 2525 607 2563 nostrum
631 2537 819 2578 regnum
844 2524 1109 2579 recipientes
1134 2527 1315 2565 nostrae
1340 2523 1586 2566 submisere
1610 2525 1831 2579 potestati
1852 2539 1861 2575 ;

118 2605 152 2630 30
169 2596 410 2647 propterea
439 2593 644 2635 volentes
673 2607 755 2636 nos
785 2599 856 2636 tot
888 2595 1062 2649 egregia
1093 2607 1247 2635 eorum
1278 2594 1479 2636 facinora
1509 2595 1662 2650 aliquo
1691 2596 1864 2650 gratiae

170 2667 215 2705 et
240 2662 576 2705 munificentiae
600 2670 782 2707 nostrae
806 2666 952 2720 regiae
976 2665 1225 2706 munimine
1248 2665 1472 2720 prosequi,
1499 2679 1590 2720 quo
1614 2672 1864 2721 provocato

171 2734 230 2775 ad
252 2735 528 2788 praestanda
550 2740 732 2777 nostrae
756 2736 984 2778 Maiestati
1008 2741 1052 2778 et
1077 2749 1266 2777 coronae
1290 2736 1413 2791 regni
1435 2736 1579 2778 nostri
1602 2737 1863 2792 Hungariae

172 2804 408 2846 alacriores
434 2805 697 2856 reddantur,
727 2807 944 2862 oppidum
970 2812 1177 2849 nostrum
1202 2807 1384 2862 Aldyod
1410 2812 1625 2849 vocatum
1652 2808 1698 2849 in
1724 2808 1863 2863 parti—

171 2876 257 2918 bus
301 2877 467 2918 nostris
512 2877 820 2920 Transilvanis
864 2878 1087 2927 habiturn,
1136 2877 1258 2931 quod
1303 2883 1484 2920 mortuo
1526 2878 1773 2933 Spectabili
1818 2884 1863 2920 et

119 2958 155 2984 35
172 2946 412 3000 Magnifico
438 2947 644 2990 Bozorab
657 2949 882 3004 wayvoda
896 2954 1051 2990 nostro
1065 2948 1445 3003 Transalpinensi,
1472 2949 1544 2990 cui
1568 2949 1679 2991 illud
1704 2954 1863 2991 contu-

173 3017 381 3066 leramus,
414 3031 567 3060 rursus
599 3019 657 3060 ad
689 3020 975 3061 collationem
1007 3024 1188 3061 nostrae
1220 3019 1485 3069 Maiestatis,
1519 3019 1649 3061 iuxta
1680 3034 1863 3062 consue-

174 3087 381 3130 tudinem
417 3089 542 3143 regni
578 3090 721 3131 nostri
770 3091 1037 3132 devolutum
1075 3089 1338 3139 dinoscitur,
1377 3090 1615 3132 simulcum
1653 3091 1865 3133 omnibus

174 3158 530 3213 possessionibus
572 3164 617 3201 et
660 3160 777 3202 villis
820 3161 1007 3215 aliisque
1049 3160 1334 3215 pertinentiis
1375 3165 1421 3203 et
1466 3161 1763 3216 proventibus
1805 3162 1865 3203 ad
