2209 3643
294 200 366 234 218
1052 195 1127 229 No.
1154 205 1224 240 177
1670 191 1744 245 [15.
1767 196 1860 230 Dec.
1887 206 1985 240 1530

294 333 540 384 gentesque
572 339 676 369 suas
721 330 856 380 capto
901 324 1126 366 Pokuczie
1158 328 1202 365 et
1249 323 1449 366 Colomia
1493 337 1649 365 versus
1696 324 1855 366 Halicz
1887 339 1988 379 pro-

294 399 443 442 ficisci.
478 398 607 440 Solus
643 400 797 438 autem
832 395 1057 437 voievoda
1092 408 1193 436 cum
1230 394 1429 436 exercitu
1465 398 1509 436 et
1546 394 1785 436 tormentis
1819 395 1989 436 bellicis

293 470 498 525 sequitur
525 481 613 516 eos,
643 479 756 522 quos
784 465 1032 520 praemisit,
1063 465 1121 506 ad
1150 479 1284 519 quem
1315 465 1517 506 Rutheni
1546 465 1634 506 illic
1662 478 1805 520 paene
1834 478 1989 507 omnes

294 540 511 582 advolant
539 542 583 578 et
611 551 656 578 se
683 536 745 577 illi
771 535 1031 591 gestibundi
1058 535 1317 584 subiiciunt,
1346 549 1460 590 quos
1486 535 1557 576 ille
1583 535 1775 590 benigne
1801 535 1987 590 suscipit

293 615 337 652 et
363 612 558 658 tractat;
585 621 660 649 eos
684 620 805 656 vero,
832 606 910 662 qui
936 606 1132 648 Romani
1156 606 1270 647 ritus
1294 610 1415 655 sunt,
1432 606 1574 647 occidi
1599 606 1738 647 iubet.
1767 606 1989 647 Dominus
2027 621 2048 647 5

294 679 525 736 palatinus
549 677 925 720 Sandomiriensis
957 677 1112 718 scribit
1136 690 1181 718 se
1202 677 1317 718 bene
1350 676 1599 731 providisse
1632 691 1780 718 arcem
1815 677 1987 726 HaIicz,

293 752 371 800 ita,
401 754 452 791 ut
480 763 571 791 non
599 749 657 790 sit
685 747 1025 790 formidandum
1054 747 1108 789 de
1136 747 1254 789 illius
1281 747 1631 802 expugnatione,
1661 747 1784 802 quod
1811 747 1989 789 utinam

294 822 358 864 ita
387 820 612 862 succedat.
642 818 849 874 Suscepti
879 823 984 860 sunt
1015 818 1154 860 etiam
1183 818 1271 860 illic
1301 818 1346 859 in
1375 818 1505 859 terris
1536 818 1725 859 Russiae
1754 832 1835 873 pro
1864 831 1991 873 prae-

294 891 408 934 sidio
439 890 675 946 quingenti
706 890 894 945 equites.
932 889 1068 931 lussit
1100 889 1329 938 Maiestas,
1362 893 1413 930 ut
1446 893 1490 930 et
1523 888 1598 930 alii
1629 888 1866 944 quingenti
1897 901 1991 930 sus-

295 964 564 1019 ciperentur,
604 965 649 1003 et
690 960 812 1002 misit
852 960 1106 1015 pecuniam,
1134 959 1180 1000 in
1208 960 1373 1014 quibus
1400 959 1685 1014 acquirendis
1711 973 1802 1001 non
1828 973 1991 1014 parum
2007 973 2042 999 10

295 1032 511 1089 temporis
531 1032 828 1087 absumptum
849 1035 931 1080 est,
955 1031 1098 1072 ductu
1131 1030 1287 1085 itaque
1321 1023 1400 1071 Rmi
1423 1029 1593 1071 domini
1614 1030 1812 1085 episcopi
1834 1030 1991 1072 Craco-

293 1104 459 1148 viensis
489 1117 544 1145 ex
575 1107 737 1144 mutuo
768 1101 1017 1156 acquisitae
1047 1101 1295 1157 pecuniae;
1327 1106 1412 1142 etc.

441 1175 615 1216 Datum
648 1173 935 1215 Piotrcoviae
970 1185 1036 1214 12.
1071 1172 1333 1214 Decembris
1367 1183 1490 1225 1530.

709 1268 826 1312 (Acta
855 1267 1087 1302 Tomiciana
1116 1267 1193 1301 vol.
1226 1267 1322 1300 XII.
1354 1277 1443 1312 pag.
1476 1267 1578 1312 375.)

1097 1407 1195 1446 177.
2008 1411 2049 1437 15

782 1516 1073 1571 Nagyrszeben,
1093 1528 1119 1557 Ι
1122 1527 1161 1569 5.
1182 1515 1428 1557 Decembris
1446 1527 1572 1569 1530.

430 1608 610 1647 Senatus
631 1608 818 1646 civitatis
840 1607 1115 1658 Nagyszeben
1138 1606 1404 1645 Ferdinando
1426 1607 1457 1645 I.
1481 1606 1565 1657 regi
1588 1606 1841 1657 Hungariae.

441 1708 548 1749 Nisi
577 1708 785 1749 citissime
814 1707 1055 1755 adiuvetur,
1087 1721 1184 1748 eum
1213 1707 1450 1762 relinquere
1478 1711 1655 1761 cogetur,
1686 1721 1784 1749 cum
1812 1706 1993 1748 vaivoda

298 1780 354 1821 Μ
358 1779 553 1821 oldam'ae
581 1779 672 1820 iam
699 1779 781 1820 late
810 1779 1009 1833 longeque
1038 1778 1075 1818 T
1077 1778 1408 1831 ransjvlvam'am
1435 1791 1562 1819 suam
1590 1791 1677 1819 esse
1704 1778 1892 1820 nuntiat.

442 1886 597 1940 Nuper
620 1889 665 1926 et
688 1884 813 1940 prius
835 1884 925 1925 iam
941 1898 1074 1939 saepe
1089 1883 1245 1926 multis
1260 1883 1444 1926 omnino
1459 1888 1663 1925 nostram
1687 1883 1994 1925 conditionem
2009 1895 2051 1922 20

297 1951 363 1997 Mti
398 1957 488 1997 V¹²¹e
531 1956 692 1998 Sacrae
726 1955 1070 2005 declaravimus,
1095 1969 1161 2004 ac,
1185 1959 1236 1996 ut
1259 1968 1341 1996 suo
1363 1955 1525 1997 misero
1547 1958 1591 1996 et
1614 1955 1797 2010 penitus
1818 1954 1996 2009 perdito

297 2041 434 2082 regno
459 2027 680 2082 nobisque
705 2027 797 2069 suis
823 2027 1031 2069 fidelibus
1057 2030 1235 2068 mature
1260 2026 1500 2068 subvenire
1526 2025 1799 2080 digneretur,
1827 2025 1996 2081 suppli-

297 2098 514 2147 cavimus,
553 2112 691 2153 quam
727 2102 931 2140 nostram
968 2097 1346 2153 supplicationem
1384 2096 1649 2139 exauditam
1685 2110 1776 2138 non
1812 2100 1996 2138 tantum

298 2173 469 2217 nostro,
495 2169 573 2210 sed
597 2169 741 2210 totius
765 2168 1110 2211 christianitatis
1133 2169 1315 2210 nomine
1339 2168 1729 2210 Excellentissimo
1753 2171 1798 2209 et
1822 2168 1996 2222 Augus—

298 2240 472 2282 tissimo
499 2240 675 2282 Caesari
701 2253 752 2281 ac
775 2240 936 2282 Sacrae
973 2234 1040 2280 Mti
1078 2240 1168 2281 Vrae
1216 2239 1424 2281 viventes
1448 2244 1493 2281 et
1519 2239 1762 2281 morientes
1787 2243 1996 2280 constan·
2012 2249 2051 2274 25

299 2311 472 2352 tissime
515 2310 823 2352 reserviemus.
870 2312 1053 2360 Verum,
1100 2311 1281 2352 domine
1326 2310 1685 2360 clementissime,
1730 2322 1821 2350 non
1864 2313 1996 2364 putet

299 2382 513 2423 Maiestas
542 2382 616 2423 V‘a
650 2381 800 2431 Sacra,
826 2382 960 2424 Buda
984 2395 1035 2422 ac
1056 2381 1267 2435 Johanne
1291 2382 1493 2437 Zapolya
1516 2382 1675 2436 captis,
1701 2395 1889 2436 regnum
1913 2381 1998 2421 hoc

300 2453 358 2494 ad
391 2451 727 2494 oboedientiam
760 2453 902 2494 redire
942 2457 986 2495 et
1020 2452 1218 2494 maxime
1251 2452 1384 2494 huius
1422 2452 1681 2507 provinciae
1715 2451 1897 2500 incolas,
1932 2451 1998 2492 ita

300 2523 419 2565 enim
453 2527 559 2564 sunt
594 2523 749 2565 infecti
783 2528 827 2565 et
863 2538 917 2565 ex
952 2536 1035 2566 sua
1068 2523 1343 2565 conscientia
1378 2523 1617 2578 desperati,
1653 2528 1705 2565 ut
1740 2521 1892 2564 omnia
1925 2521 1998 2563 vel

300 2593 566 2635 stultissime
603 2598 818 2644 tentant;
858 2595 949 2635 iarn
988 2607 1015 2635 a
1052 2598 1152 2636 toto
1191 2598 1408 2649 tempore,
1449 2607 1540 2648 quo
1577 2594 1710 2635 Buda
1748 2592 1995 2641 obsidetur,
2012 2602 2053 2627 30

301 2664 347 2706 id
371 2668 557 2718 egerunt
583 2669 642 2712 et,
669 2669 720 2706 ut
746 2665 970 2714 audimus,
997 2669 1280 2720 peregerunt,
1306 2669 1357 2706 ut
1382 2668 1566 2706 tantum
1592 2665 1727 2705 finem
1752 2662 1997 2704 obsidionis

301 2739 560 2789 expectant,
571 2735 1015 2789 capiaturJohannes
1030 2735 1232 2790 Zapolya
1246 2735 1317 2777 vel
1331 2749 1436 2784 non,
1448 2732 1998 2787 Moldavia,Transalpina

303 2810 347 2846 et
372 2809 473 2846 tota
495 2805 833 2847 Transsilvania
858 2820 909 2848 ac
934 2806 1195 2861 Hungariae
1219 2805 1401 2847 finitimi
1425 2805 1470 2846 in
1493 2818 1575 2846 nos
1598 2804 1783 2846 irruent.
1810 2804 1997 2845 Modum

304 2880 472 2924 autem,
495 2889 585 2929 quo
604 2889 686 2917 nos
705 2877 938 2918 obstemus
957 2891 1038 2918 nec
1057 2877 1278 2925 videmus,
1299 2890 1380 2917 nec
1400 2875 1597 2930 cogitare
1615 2874 1794 2923 scimus,
1815 2874 1997 2929 penitus

304 2945 423 2986 enim
455 2946 714 2988 defecimus,
749 2947 843 2988 Nos
875 2952 919 2988 et
952 2961 1120 2995 omnes,
1154 2947 1232 3001 qui
1263 2946 1398 2987 fidem
1430 2950 1474 2986 et
1505 2958 1671 2986 nomen
1702 2945 1996 2986 Maiestatum
2012 2954 2051 2980 35

304 3014 568 3056 Vestrarum
610 3016 841 3065 invocant,
879 3018 915 3058 si
953 3031 1005 3059 eo
1040 3017 1314 3059 veniendum
1350 3021 1432 3063 est,
1470 3028 1589 3056 mors
1624 3020 1780 3057 nostra
1815 3014 1995 3057 docebit

305 3084 439 3125 fidem
484 3090 699 3128 nostram.
735 3087 974 3129 Moldavus
1007 3092 1162 3142 aperte
1194 3087 1350 3135 iactat,
1386 3087 1470 3127 hoc
1502 3099 1689 3140 regnum
1722 3099 1854 3127 suum
1887 3099 1994 3134 esse,

305 3168 386 3195 nec
412 3148 486 3195 Mti,
518 3155 607 3196 Vrae
657 3170 885 3198 cessurum
912 3162 956 3198 et
984 3158 1042 3198 ad
1068 3158 1177 3198 haec
1204 3156 1479 3211 pertinentia
1505 3156 1657 3197 omnia
1694 3156 1996 3198 machinatur.
