2209 3643
217 208 250 233 1.
272 197 368 243 Apr.
392 191 504 246 1529]
974 194 1049 229 No.
1074 196 1146 240 146
1843 191 1914 237 187

216 327 398 370 nomine
414 326 610 382 Moyzes,
627 324 685 367 ad
700 329 900 367 castrum
909 324 1132 380 Gyergyw
1140 337 1242 366 cum
1255 322 1620 378 Jancharonibus
1635 326 1680 364 et
1695 321 1913 377 equestri-

218 399 303 441 bus
318 398 544 441 adductus
559 400 640 438 est.
666 395 794 437 Idem
808 395 942 437 bassa
963 395 1195 437 nuntiavit
1210 395 1331 436 bano
1346 399 1390 436 et
1407 394 1594 436 caeteris
1608 393 1911 442 boieronibus,

219 474 271 512 ut
312 469 388 511 illo
427 468 648 516 venirent,
672 467 908 508 oblaturus
948 466 1010 508 eis
1051 480 1223 509 novum
1263 465 1533 514 waivodam,
1575 478 1710 520 quern
1752 464 1914 506 Caesar

220 541 469 583 Turcarum
495 539 556 581 eis
581 538 767 587 miserit,
791 537 853 578 illi
880 538 1194 580 renuntiantes
1219 537 1273 586 ei,
1301 550 1375 579 eos
1400 536 1476 578 illo
1500 536 1652 578 venire
1677 535 1808 585 nolle,
1835 534 1914 577 sed

188 611 257 655 ssi
286 610 534 653 secundum
564 623 719 651 eorum
750 609 988 664 antiquam
1019 608 1393 650 consuetudinem
1422 607 1677 649 waivodam
1706 619 1914 661 praesen-

221 688 318 725 tare
348 681 531 730 vellent,
564 680 758 722 eundem
789 679 1032 721 honorifice
1063 679 1315 734 suscepturi
1345 682 1524 728 essent;
1557 678 1727 719 nollent
1759 682 1915 719 tamen

220 758 354 796 tanta
380 751 597 795 comitiva
623 765 727 793 eum
754 750 992 806 suscipere,
1021 750 1057 792 si
1084 764 1192 792 vero
1218 763 1345 791 secus
1373 749 1480 804 ipsis
1506 748 1761 791 waivodam
1788 761 1915 803 prae-

220 828 398 867 sentare
434 823 701 871 niterentur,
728 835 822 863 sese
860 822 980 877 ipsos
1017 821 1076 863 ad
1112 835 1300 876 regnum
1326 821 1353 862 B
1375 814 1407 839 ‘³⁵
1432 820 1522 861 Vrae
1554 818 1916 861 Transsilvaniae

220 893 576 937 conservationis
619 893 768 948 gratia
813 893 1036 934 divertere
1082 892 1264 934 vellent.
1314 892 1368 933 In
1413 891 1497 932 hoc
1543 895 1637 932 stat
1683 890 1917 945 negotium

167 982 203 1009 ιο
220 965 609 1021 Transalpinense.
660 964 880 1019 Quamvis
924 964 1124 1018 Joannes
1182 963 1284 1011 bek,
1346 962 1414 1004 uti
1475 961 1632 1016 vipera
1679 961 1916 1010 diabolica,

220 1051 373 1080 semen
404 1036 498 1078 eius
528 1035 697 1090 ubique
728 1034 944 1076 diffundit
975 1039 1019 1076 et
1051 1048 1131 1089 per
1160 1034 1281 1075 mille
1312 1037 1431 1075 artes
1462 1032 1570 1087 agit,
1603 1036 1647 1074 et
1679 1031 1918 1073 nonnullos

221 1112 483 1151 constantes
511 1106 650 1148 etiam
679 1106 889 1148 vacillare
919 1106 964 1146 in
991 1105 1079 1147 fide
1107 1105 1231 1146 facit.
1262 1104 1386 1146 Licet
1416 1117 1519 1146 vere
1547 1107 1809 1145 constantes
1836 1116 1919 1144 nec

221 1192 402 1222 movere
432 1177 615 1233 quidem
646 1177 787 1232 possit
810 1191 819 1227 ;
852 1180 936 1219 etc.

367 1250 541 1291 Datum
574 1248 749 1297 Cibinii,
783 1248 827 1289 in
859 1248 976 1289 festo
1006 1245 1383 1288 Annunciationis
1415 1245 1585 1287 Mariae
1618 1256 1742 1300 1529.

166 1337 204 1363 15
368 1321 467 1362 Hoc
493 1319 708 1361 Maiestas
722 1319 797 1360 Vra
811 1318 939 1368 sciat,
956 1318 1079 1373 quod
1100 1330 1255 1359 omnes
1274 1317 1509 1359 boierones
1535 1320 1641 1357 sunt
1663 1316 1919 1357 iuramento

223 1391 430 1434 adstricti
453 1384 519 1432 Mti
540 1390 632 1432 Vrae
656 1394 700 1431 et
724 1390 829 1431 huic
863 1403 1014 1444 regno,
1039 1393 1084 1430 et
1120 1388 1165 1429 in
1188 1401 1350 1429 manus
1373 1401 1496 1429 meas
1523 1387 1673 1429 medio
1694 1385 1920 1442 potissimi

224 1462 378 1505 fratris
420 1462 621 1517 ipsorum
663 1460 887 1502 boieronis
929 1474 1032 1502 cum
1074 1459 1236 1501 litteris
1279 1458 1627 1500 credentialibus
1670 1457 1715 1499 in
1758 1470 1921 1498 manus

224 1547 347 1576 meas
368 1533 589 1574 iurarunt.
614 1532 806 1587 Propter
826 1531 910 1573 hoc
932 1535 1117 1573 coactus
1138 1530 1203 1572 fui
1225 1529 1449 1572 Cibinium
1471 1529 1623 1571 venire
1640 1543 1648 1579 ;
1677 1535 1761 1571 etc.

363 1627 698 1672 (Autographum.
717 1626 1006 1665 Staatsarchiv,
1043 1625 1170 1659 VVien.
1210 1624 1453 1669 Hungarica.
1482 1624 1646 1659 Edidit:
1676 1623 1824 1657 Archiv
1853 1623 1922 1657 des

168 1705 210 1731 20
224 1687 410 1724 Vereines
442 1687 506 1721 fiir
533 1686 880 1731 siebenbi'irgische
913 1685 1206 1720 Landeskunde
1234 1683 1312 1718 vol.
1342 1686 1401 1718 26.
1429 1695 1519 1729 pag.
1547 1682 1779 1727 642—643.)

1024 1848 1123 1889 146.

724 1958 974 2006 Kolozsvcir,
1010 1970 1049 1998 Ι.
1087 1956 1263 2012 Aprilis
1296 1968 1422 2011 1529.

355 2050 546 2089 Andreas
571 2049 846 2100 Mihalewyth
870 2047 1046 2086 nuntius
1071 2047 1339 2085 Ferdinando
1365 2047 1398 2085 Ι.
1425 2047 1510 2098 regi
1536 2046 1792 2097 Hungariae.

367 2149 536 2191 Relatio
554 2149 605 2190 de
622 2162 703 2190 sua
723 2147 957 2189 Valaclzica
975 2146 1184 2187 missione
1201 2150 1239 2187 et
1254 2159 1362 2201 quae
1382 2146 1432 2187 de
1451 2146 1695 2187 Turcarum
1724 2145 1924 2187 consiliis

169 2238 208 2263 25
225 2225 262 2263 et
292 2220 476 2263 motibus
512 2219 804 2262 Valaclzorum
835 2218 1012 2266 viderat,
1045 2217 1256 2258 audierat.

372 2326 524 2368 Radul
552 2329 619 2367 est
648 2329 856 2367 mortuus
883 2323 1080 2365 secunda
1109 2322 1181 2364 die
1205 2322 1427 2377 Januarii‚
1456 2336 1538 2364 nec
1565 2322 1793 2364 habebam
1821 2336 1925 2364 curn

226 2411 318 2453 quo
345 2411 537 2452 agerem,
566 2396 645 2438 sed
672 2410 729 2438 ne
756 2399 968 2450 sumptus
995 2398 1040 2435 et
1068 2393 1242 2434 labores
1264 2393 1448 2435 omnino
1475 2393 1520 2434 in
1548 2407 1720 2435 vanum
1748 2394 1925 2442 fierent,

227 2468 396 2511 intravi
425 2467 707 2510 Walachiam
738 2471 783 2508 et
809 2464 1067 2508 Udvornik1
1082 2464 1221 2513 adivi,
1253 2478 1389 2518 quem
1420 2464 1482 2505 ibi
1512 2468 1735 2519 tanquam
1765 2463 1928 2519 palati-

226 2553 336 2581 num
370 2543 544 2588 tenent,
579 2552 715 2593 quem
755 2536 956 2579 intellexi
978 2529 1044 2577 Mti
1074 2535 1114 2576 V
1116 2537 1164 2554 ‘²³⁶‘
1191 2534 1368 2576 fidelem
1390 2538 1435 2576 et
1457 2548 1561 2576 eum
1583 2535 1806 2576 allocutus
1827 2548 1929 2576 sum

170 2627 211 2652 30
227 2611 348 2652 bono
386 2610 537 2659 modo,
577 2609 615 2651 si
653 2608 893 2650 scriberem
932 2605 1161 2661 quomodo
1199 2610 1316 2647 esset
1354 2605 1491 2646 nimis
1529 2605 1701 2660 prolixe
1740 2609 1785 2646 et
1825 2618 1929 2647 eum

227 2682 438 2722 hortatus
461 2694 575 2730 sum,
600 2684 652 2721 ut
676 2679 732 2721 de
753 2679 901 2720 Turco
935 2682 1058 2719 certa
1091 2689 1212 2718 nova
1235 2669 1302 2717 Mti
1334 2676 1424 2717 Vrae
1449 2676 1682 2717 nuntiaret
1719 2689 1770 2717 ac
1792 2688 1930 2730 penes

228 2750 332 2793 Mtem
371 2752 472 2793 V¹³¹¹¹
508 2751 789 2805 insurgerent
832 2747 1090 2790 waivodam
1139 2746 1279 2788 etiam
1328 2760 1516 2795 novum,
1568 2746 1647 2801 qui
1696 2746 1794 2787 erit.
1857 2746 1931 2787 Ita

229 2826 402 2877 tegant,
418 2826 470 2864 ut
486 2821 544 2863 sit
559 2821 702 2863 fidelis
717 2814 784 2862 Mti
800 2820 1002 2862 Vestrae.
1015 2817 1229 2859 Tractavi
1243 2816 1381 2858 etiam
1397 2817 1452 2858 de
1472 2816 1663 2858 induciis
1672 2830 1732 2858 ex
1748 2830 1819 2858 me
1833 2816 1931 2871 ipso

230 2897 331 2934 tum
353 2892 488 2941 solus,
512 2896 613 2933 tum
636 2905 715 2947 per
736 2904 876 2932 unam
898 2902 1138 2944 personam
1160 2891 1205 2929 et
1229 2900 1384 2929 omnes
1407 2887 1688 2929 conditiones
1711 2887 1806 2928 dixi
1826 2886 1931 2928 huic

175 2979 215 3005 35
231 2963 303 3004 vel
326 2963 432 3005 huic
455 2963 628 3004 Turcus
652 2961 940 3009 consentiret,
979 2958 1104 3000 dedit
1141 2952 1222 2999 Mtis
1246 2958 1336 2999 Vrae
1362 2958 1641 3007 relationem,
1681 2957 1739 2998 ad
1780 2957 1933 2999 omnia

231 3033 342 3075 dicit
364 3035 563 3076 Turcum
584 3032 738 3075 venire
760 3036 804 3074 et
819 3035 943 3072 recta
965 3029 1145 3071 Budam
1160 3028 1222 3070 ire
1237 3042 1289 3070 ac
1304 3028 1394 3070 iarn
1409 3041 1503 3070 esse
1517 3028 1864 3083 proclamatum,
1880 3032 1932 3070 ut

382 3175 397 3196 ²
421 3175 613 3209 Vornicul
644 3174 811 3220 Neagul.

1950 2345 1979 2366 2.
2001 2335 2070 2375 Jan.
