2209 3643
308 219 381 251 260
1065 215 1139 250 No.
1164 225 1183 248 2
1192 225 1234 260 15
1756 213 1882 267 [initio
1906 219 2008 262 1536

308 348 384 395 ire,
428 348 653 401 quantum
682 344 814 385 nobis
843 344 1054 400 possibile
1084 344 1183 394 erit,
1213 358 1304 386 non
1335 345 1576 400 patiemur,
1619 346 1698 387 sed
1727 346 1894 389 eisdem
1923 362 2005 403 pro

309 416 480 460 viribus
497 414 663 457 nostris
681 415 954 457 resistemus.
977 415 1093 457 Casu
1110 428 1233 465 vero,
1254 429 1345 471 quo
1376 415 1438 458 eis
1468 416 1685 458 obsistere
1714 417 1838 459 nullo
1868 423 2009 473 pacto

308 500 553 544 possemus,
597 489 764 527 extunc
805 485 851 528 id
893 485 938 527 in
980 490 1185 540 tempore
1226 486 1456 528 Maiestati
1495 486 1611 529 Suae
1636 487 2001 542 significabimus.

308 560 450 607 Idem,
477 556 600 612 quod
621 570 723 597 curn
743 555 851 611 ipsis
876 556 1033 599 Turcis
1062 557 1234 598 nullam
1265 571 1501 612 nunquam
1532 559 1860 601 concordialem
1892 560 2002 601 ami-

308 630 462 671 citiam
487 632 568 670 aut
593 631 802 668 mutuam
829 627 1272 669 confoederationem
1297 629 1567 670 habebimus
1592 633 1730 684 atque
1753 630 2002 672 Turcarum
2038 643 2058 669 f>

307 698 582 756 imperatori,
619 697 652 739 si
689 697 784 740 fieri
818 699 1001 753 poterit,
1037 698 1184 740 maius
1218 699 1446 741 tributum
1480 713 1571 742 non
1605 700 1828 750 dabimus,
1865 715 2003 756 quarn

306 770 449 813 nostri
467 769 832 825 praedecessores
856 770 1092 812 dederunt.
1122 770 1220 811 Etsi
1240 784 1322 812 nos
1343 770 1491 824 [Deus]
1514 771 1715 826 optimus
1733 771 1778 813 in
1796 771 2003 814 futurum

307 842 362 884 de
405 844 636 896 potestate
680 844 724 882 et
770 840 998 882 tirannide
1040 840 1291 882 Turcarum
1335 841 1561 891 liberabit,
1608 846 1775 884 extunc
1819 842 2004 898 singulis

307 912 435 955 annis
467 925 591 953 more
622 911 1017 966 praedecessorum
1049 916 1308 954 nostrorum
1340 912 1640 954 vaivodarum
1673 927 1753 968 per
1783 914 2004 956 solemnes

307 987 508 1026 oratores
550 986 730 1025 nostros
774 982 1005 1024 Maiestati
1045 982 1162 1024 Suae
1206 987 1249 1024 et
1294 983 1472 1038 regibus
1516 984 1777 1040 Hungariae
1820 984 2004 1040 eiusque
2022 997 2063 1023 102

307 1053 638 1097 successoribus
674 1055 866 1095 honores
904 1053 1082 1095 debitos
1109 1066 1211 1095 cum
1243 1054 1464 1096 fidelitate
1501 1054 1828 1097 exhibebimus
1871 1056 2003 1105 Item,

307 1125 688 1181 quandocumque
719 1125 969 1166 'furcarum
1003 1124 1251 1179 imperator
1276 1139 1358 1167 nos
1390 1125 1449 1167 ad
1476 1125 1663 1167 Portam
1687 1126 1935 1177 vocaverit,
1968 1127 2006 1168 si

306 1196 497 1239 evadere
527 1195 791 1251 poterimus,
823 1196 948 1237 nullo
979 1195 1115 1237 modo
1145 1195 1326 1245 ibimus,
1349 1196 1417 1238 sin
1449 1200 1602 1238 autem
1633 1210 1760 1239 secus
1789 1197 1880 1239 fieri
1913 1211 2004 1239 non

307 1271 472 1323 posset,
504 1280 607 1308 cum
637 1267 754 1309 scitu
784 1271 829 1308 et
860 1266 1180 1309 informatione
1207 1266 1325 1309 Suae
1354 1266 1608 1309 Maiestatis
1638 1268 1684 1310 id
1713 1267 1929 1310 faciemus
1959 1272 2004 1311 et

306 1338 564 1393 ubicunque
584 1338 683 1387 erit,
706 1338 751 1379 in
771 1337 894 1379 omni
913 1351 1062 1379 rerum
1078 1342 1245 1379 eventu
1260 1338 1491 1380 Maiestati
1508 1338 1624 1380 Suae
1640 1338 1807 1394 Regiae
1821 1339 2006 1394 eiusque
2022 1351 2064 1377 15-

307 1408 636 1451 successoribus
662 1413 707 1450 et
733 1423 870 1464 regno
896 1408 1157 1463 Hungariae
1183 1409 1368 1464 eiusque
1402 1409 1563 1451 Sacrae
1595 1423 1799 1459 coronae,
1826 1414 1877 1452 ut
1904 1423 2005 1465 pro-

308 1480 525 1529 misimus,
553 1480 746 1522 fideliter
783 1480 1059 1522 serviemus:
1100 1479 1166 1521 ita
1192 1484 1363 1529 tamen,
1392 1484 1443 1521 ut
1467 1480 1559 1523 Sua
1585 1495 1765 1536 quoque
1792 1481 2007 1523 Maiestas

311 1551 465 1606 Regia,
481 1551 615 1593 sicuti
638 1550 769 1593 nobis
788 1565 867 1607 per
887 1554 1088 1592 oratores
1111 1564 1215 1592 suos
1239 1551 1461 1606 promisit,
1486 1565 1570 1593 nos
1593 1565 1790 1593 unacum
1813 1552 2006 1607 boyaro-

308 1622 455 1672 nibus,
504 1622 782 1672 consiliariis,
830 1621 1072 1671 nobilibus
1120 1622 1388 1664 officialibus
1435 1622 1712 1677 caeterisque
1758 1622 1914 1664 incolis
1959 1627 2005 1665 et

308 1692 692 1735 inhabitatoribus
736 1693 1036 1748 universoque
1080 1693 1248 1748 populo
1296 1693 1662 1749 Transalpinensi
1706 1693 1751 1735 in
1796 1694 2006 1736 omnibus
2019 1704 2061 1731 20

308 1764 474 1806 nostris
517 1764 718 1819 antiquis
761 1764 1064 1813 libertatibus,
1110 1764 1281 1806 iuribus
1325 1769 1369 1806 et
1413 1764 1543 1806 bonis
1587 1764 2004 1814 consuetudinibus,

309 1835 473 1890 quibus
504 1836 725 1877 hactenus
756 1849 932 1891 semper
951 1835 1020 1877 usi
1051 1848 1206 1877 sumus
1227 1839 1271 1877 et
1298 1835 1661 1890 praedecessores
1692 1835 1832 1877 etiam
1862 1835 2006 1877 nostri

308 1906 451 1961 gavisi
474 1910 596 1955 sunt,
621 1919 886 1948 conservare
910 1910 954 1948 et
979 1909 1138 1948 contra
1161 1919 1365 1961 quosque
1386 1906 1540 1948 hostes
1563 1910 1741 1948 nostros
1765 1906 1856 1948 suis
1878 1920 2006 1962 prae-

309 1976 447 2026 sidiis,
481 1977 560 2019 ubi
591 1977 835 2020 necessitas
866 1977 1078 2032 exegerit,
1113 1977 1351 2019 defendere
1387 1981 1431 2019 et
1464 1976 1594 2027 tueri,
1628 1981 1767 2032 atque
1798 1977 1937 2019 etiam
1969 1977 2006 2019 si

314 2048 451 2103 (quod
475 2048 598 2090 Deus
618 2047 819 2104 optimus
840 2048 1035 2103 avertat)
1059 2061 1141 2089 nos
1162 2048 1219 2090 ab
1240 2047 1447 2090 hostibus
1468 2048 1790 2103 quoquomodo
1818 2048 2006 2090 obruere
2020 2058 2066 2085 2⁵

310 2122 355 2160 et
380 2132 406 2160 a
430 2132 566 2174 regno
589 2123 745 2161 nostro
768 2118 1134 2175 Transalpinensi
1159 2119 1379 2174 depellere
1404 2123 1448 2160 et
1474 2119 1533 2160 ad
1556 2118 1843 2161 Maiestatem
1866 2119 2005 2161 Suam

311 2189 549 2244 confugere
569 2190 822 2246 contigerit,
838 2194 890 2232 ut
912 2190 1126 2232 Maiestas
1145 2189 1236 2232 Sua
1259 2189 1400 2245 Regia
1422 2203 1503 2232 nos
1524 2189 1689 2231 iterum
1709 2190 1800 2232 suis
1814 2189 2005 2245 sumpti-

310 2260 395 2301 bus
421 2265 466 2302 et
493 2260 707 2316 impensis
733 2261 779 2303 in
805 2261 1047 2317 pristinum
1073 2261 1222 2302 locum
1248 2265 1293 2302 et
1331 2260 1583 2303 dominium
1609 2264 1817 2302 nostrum
1842 2261 2006 2302 Trans-

312 2330 554 2386 alpinense‚
589 2332 761 2374 virtute
800 2332 960 2375 bellica
995 2336 1038 2374 et
1074 2332 1356 2374 authoritate
1390 2332 1476 2373 hac
1509 2331 1630 2387 regia
1650 2345 1746 2381 sua,
1771 2331 2006 2373 instituere

311 2405 533 2444 teneatur.
564 2403 637 2445 Ad
665 2417 782 2458 quae
809 2402 1057 2459 praemissa
1077 2403 1228 2445 omnia
1256 2407 1301 2444 et
1331 2402 1519 2458 quaevis
1539 2402 1888 2458 praemissorum
1917 2401 2006 2443 sin·
2021 2411 2068 2438 30⁷·

311 2472 415 2528 gula
438 2472 676 2515 simulcum
699 2474 944 2529 praedictis
966 2474 1287 2529 boyaronibus,
1303 2473 1545 2523 nobilibus,
1569 2473 1836 2515 officialibus
1860 2477 2006 2514 caete-

312 2543 461 2597 risque
492 2543 650 2586 incolis
681 2549 726 2586 et
760 2544 1145 2587 inhabitatoribus
1176 2544 1387 2587 omnibus
1429 2544 1730 2599 universoque
1760 2543 1928 2599 populo
1960 2547 2005 2585 et

312 2617 413 2655 tota
457 2618 577 2656 terra
620 2615 987 2671 Transalpinensi
1031 2615 1115 2657 sub
1159 2615 1368 2671 praefata
1412 2615 1501 2657 fide
1545 2619 1703 2657 nostra
1758 2613 2006 2656 christiana

314 2688 451 2738 atque
482 2685 566 2726 sub
589 2685 757 2728 honore
777 2690 822 2728 et
844 2686 1132 2729 humanitate
1153 2685 1321 2728 nostris
1341 2686 1640 2734 observanda,
1663 2698 1745 2726 nos
1777 2683 2003 2740 promitti-

313 2767 413 2796 mus
444 2754 734 2811 iuramusque
755 2761 800 2798 et
820 2771 900 2812 per
920 2758 1067 2800 Deum
1087 2757 1260 2805 vivum,
1284 2756 1362 2811 qui
1383 2756 1556 2798 coelum
1577 2760 1622 2797 et
1644 2759 1812 2796 terram
1833 2753 2005 2796 creavit
2021 2764 2069 2790 35-

314 2828 358 2865 et
386 2824 555 2867 Sancta
591 2827 685 2868 eius
717 2827 979 2883 Evangelia,
1022 2828 1462 2881 Sacrosanctamque
1506 2839 1683 2867 crucem
1714 2838 1883 2880 perque
1913 2825 2005 2879 glo-

314 2894 602 2937 riosissimam
630 2897 724 2939 eius
751 2902 944 2940 matrem
971 2898 1201 2953 Virginem
1229 2897 1420 2939 Mariam
1448 2900 1492 2937 et
1515 2909 1669 2937 omnes
1686 2895 1878 2937 Sanctos
1904 2895 2003 2944 Dei,

315 2965 436 3018 quod
457 2966 601 3007 eidem
623 2968 807 3010 domino
825 2969 951 3010 Ser¹¹¹⁰
985 2967 1274 3010 Ferdinando
1305 2967 1413 3022 regi,
1436 2966 1620 3008 domino
1639 2970 1794 3007 nostro
1815 2966 2006 3008 clemen-

315 3034 488 3077 tissimo
526 3036 709 3091 eiusque
741 3039 1070 3081 successoribus
1108 3038 1369 3093 Hungariae
1418 3036 1597 3091 regibus
1646 3036 1821 3091 ipsique
1869 3050 2006 3091 regno

315 3108 360 3144 et
394 3104 487 3146 eius
505 3106 666 3148 Sacrae
687 3121 877 3150 coronae
910 3108 1171 3150 inconcusse
1203 3108 1396 3150 fideliter
1428 3111 1473 3148 et
1506 3106 1826 3148 inviolabiliter
1858 3107 2007 3149 obser·
2023 3117 2069 3144 40>

315 3173 523 3215 vabimus
564 3180 608 3217 et
638 3190 716 3231 per
745 3191 898 3220 omnes
939 3179 1144 3220 subditos
1190 3182 1368 3220 nostros
1396 3177 1624 3219 observari
1654 3177 1882 3227 faciemus,
1913 3176 2009 3219 sine
