2209 3643
290 211 361 243 262
1045 204 1120 238 No.
1144 213 1217 247 217
1649 195 1721 249 [24.
1744 200 1857 235 Febr.
1885 202 1988 246 1536

289 336 596 393 supplicamus
640 328 706 376 Mti
763 334 803 375 V
808 335 870 382 sae,
917 332 1101 374 domino
1145 336 1301 374 nostro
1352 331 1715 381 clementissimo,
1774 330 1987 386 dignetur

290 421 423 463 super
445 406 515 449 his
538 405 715 447 duobus
739 403 940 445 articulis
963 416 989 444 a
1012 402 1226 444 Moldavo
1250 402 1421 457 optatis
1444 402 1709 445 relationem
1732 405 1777 443 et
1801 401 1990 456 expedi-

290 479 460 521 tionem
490 476 636 518 facere
665 474 925 530 gratiosam.
959 473 1163 515 Misimus
1192 487 1390 528 namque
1419 474 1539 515 hunc
1569 472 1767 514 nobilem
1794 472 1986 527 Stepha-

290 562 400 591 num
445 545 714 594 Glinchich,1
747 544 858 586 alias
901 543 1171 586 familiarem
1202 537 1283 585 Mtis
1314 544 1404 585 Vrae
1435 543 1743 599 praesentium
1785 546 1985 585 ostenso-

290 632 398 667 rem,
426 617 575 659 medio
613 615 740 657 cuius
777 620 821 657 et
860 615 915 657 de
940 615 1023 665 his,
1063 619 1107 657 et
1135 614 1232 657 aliis
1257 607 1322 656 Mti
1349 615 1439 656 Vrae
1465 615 1646 657 abunde
1688 613 1983 663 nuntiamus;
2023 625 2047 651 5

290 689 503 731 Maiestas
535 688 608 729 Vra
643 686 854 741 dignetur
880 685 1030 728 verbis
1055 686 1147 727 suis
1173 686 1309 727 fidem
1335 690 1579 741 praestare.
1615 685 1769 727 Habet
1790 684 1929 727 etiam
1951 683 1988 724 is

292 758 526 802 Glinchich
549 758 725 799 litteras
747 750 828 799 Mfis
851 757 941 798 Vrae
966 756 1025 798 ad
1067 770 1215 812 regem
1240 756 1453 798 Poloniae
1494 757 1698 812 scriptas.
1733 755 1779 797 Si
1814 755 1989 798 consul-

291 835 390 872 tum
420 829 602 871 videtur
624 821 691 870 Mti
729 828 836 877 Vm,
868 827 1083 883 quoniam
1110 827 1311 882 alioquin
1335 827 1430 882 ipse
1454 827 1690 869 Glinchich
1713 826 1759 868 in
1782 826 1992 882 partibus

291 901 377 942 illis
396 899 608 942 Poloniae
627 904 671 941 et
689 899 781 954 regi
799 903 844 941 et
863 898 962 940 aliis
978 902 1115 941 notus
1133 902 1215 947 est,
1235 902 1286 940 ut
1310 898 1492 940 nomine
1522 891 1602 940 Mtis
1631 899 1723 940 Vrae
1753 897 1812 939 ad
1841 909 1990 952 regem

292 971 505 1014 Poloniae
530 970 628 1020 iret,
656 974 809 1012 stante
849 969 1135 1025 beneplacito
1172 962 1252 1011 Mtis
1288 970 1411 1019 V‘³e;
1452 969 1559 1024 quia
1594 969 1631 1011 si
1668 969 1883 1011 Maiestas
1918 968 1987 1008 Vra
2006 979 2047 1004 10>

291 1043 336 1084 in
361 1042 601 1084 concordia
625 1055 727 1083 cum
752 1055 853 1096 rege
877 1041 1091 1083 Poloniae
1115 1045 1159 1082 et
1184 1040 1398 1083 Moldavo
1423 1040 1537 1082 serio
1561 1044 1605 1082 et
1630 1053 1733 1081 cum
1757 1038 1993 1094 diligentia

291 1127 381 1156 non
403 1116 520 1168 aget,
548 1117 659 1154 tunc
679 1112 919 1154 Moldavus
950 1110 1208 1167 potentiam
1241 1125 1370 1153 suam
1404 1115 1563 1153 contra
1595 1125 1745 1167 regem
1778 1109 1995 1152 Poloniae

292 1184 431 1226 vertit
465 1188 509 1226 et
544 1183 745 1225 defensio
778 1182 902 1238 regni
935 1182 1300 1225 Transsilvaniae
1335 1182 1609 1224 obmittetur
1627 1196 1636 1233 ;
1667 1187 1751 1224 etc.

436 1255 507 1297 Ex
534 1255 724 1304 Vienna,
757 1267 822 1308 13.
849 1254 1059 1309 Januarii
1090 1253 1214 1307 1536.

437 1360 661 1405 (Originale.
677 1360 964 1400 Staatsarchiv‚
982 1360 1108 1393 Wien.
1126 1358 1370 1403 Hungarica.
1389 1358 1534 1393 Edidit
1550 1368 1556 1391 :
1590 1358 1739 1393 Archiv
1769 1359 1838 1392 des
1856 1358 1990 1393 Verei-
2009 1367 2050 1393 15

293 1431 362 1455 nes
390 1420 453 1454 fiir
480 1420 825 1465 siebenbiirgische
852 1419 1145 1454 Landeskunde
1171 1417 1249 1452 vol.
1284 1428 1342 1460 29.
1375 1428 1465 1464 pag.
1498 1418 1600 1462 584.)

1095 1595 1193 1636 217.

793 1716 957 1764 Kassa,
990 1727 1058 1769 24.
1096 1715 1330 1756 Februarii
1362 1716 1488 1768 1536.

490 1808 655 1846 Marcus
694 1805 959 1857 Pemfflinger
983 1805 1102 1844 fratri
1141 1817 1216 1844 suo
1251 1805 1467 1857 Stephano
1506 1805 1783 1856 Pemfflinger.

440 1919 506 1959 De
535 1917 866 1959 commoratione
894 1918 1033 1959 mana
1062 1932 1160 1958 cum
1187 1918 1319 1972 legato
1350 1917 1556 1958 vaivodae
1584 1917 1850 1959 Ilffoldaviae.
2010 1923 2053 1949 2⁰

439 2037 548 2080 Sum
595 2037 667 2079 hic
715 2036 967 2085 Cassoviae,
1016 2036 1255 2092 expectavi
1301 2036 1511 2078 undecim
1559 2036 1716 2078 diebus
1763 2034 1998 2077 dominum

301 2109 471 2164 Banffy
494 2108 539 2150 in
563 2108 651 2150 via.
677 2107 893 2150 Nondum
916 2112 1071 2149 tamen
1095 2107 1329 2163 applicuit,
1354 2121 1435 2149 nec
1459 2107 1565 2157 scio,
1593 2106 1777 2162 quando
1800 2106 1872 2148 hic
1895 2106 2000 2148 ade—

300 2180 371 2221 rit.
399 2179 606 2221 Patimur
631 2193 733 2221 cum
757 2179 920 2220 nuntio
944 2178 1146 2220 Moldavi
1170 2178 1317 2220 multa
1341 2178 1645 2227 incommoda,
1672 2176 1837 2219 accidit
1862 2176 1999 2218 infor-

300 2251 483 2292 tunium
512 2264 694 2305 quoque
723 2254 767 2291 et
798 2262 928 2291 casus
957 2249 1234 2304 inopinatus,
1266 2263 1368 2291 cum
1398 2254 1506 2291 ante
1546 2261 1746 2290 mensem
1787 2247 1998 2290 dominus

300 2321 467 2376 Banfly
496 2321 700 2362 mitteret
731 2320 961 2362 hominem
992 2333 1124 2362 suum
1155 2333 1257 2361 cum
1287 2320 1469 2363 homine
1498 2319 1648 2361 nuntii
1677 2318 2000 2361 Moldaviensis
2013 2335 2058 2361 25

302 2392 360 2432 ad
392 2391 657 2434 Moldavum
680 2426 687 2433 .
711 2425 752 2433 ..
789 2391 1018 2432 Haberem
1053 2395 1245 2433 conatus
1278 2404 1402 2433 meos
1435 2390 1708 2446 perscribere
1741 2389 1885 2439 vobis,
1921 2389 2000 2431 sed

301 2475 395 2504 rem
431 2462 575 2504 audeo
611 2461 775 2504 litteris
811 2462 1125 2503 committere:
1165 2475 1267 2504 cum
1304 2462 1395 2504 iam
1432 2462 1626 2503 Ioannes
1662 2474 1739 2502 rex
1776 2460 1999 2515 intelligat

302 2547 356 2574 ex
382 2533 546 2574 litteris
572 2532 723 2574 nuntii
738 2532 1060 2575 Moldaviensis
1075 2533 1133 2574 ad
1159 2533 1395 2574 dominum
1423 2546 1555 2574 suum
1581 2531 1776 2587 scriptis,
1804 2536 1849 2573 et
1877 2531 2001 2586 apud

303 2603 567 2645 servitorem
597 2617 730 2645 suum
761 2603 959 2645 inventis
1002 2603 1154 2644 omnia
1185 2617 1239 2645 ex
1270 2603 1382 2645 meis
1412 2603 1523 2645 nihil
1554 2602 1800 2657 intelligere
1830 2601 1998 2657 potuit,

304 2687 406 2716 cum
432 2674 599 2716 fuerint
624 2674 804 2716 litterae
829 2674 1084 2716 credentiae
1105 2688 1114 2724 ;
1141 2673 1280 2716 timeo
1305 2674 1482 2723 saltem,
1508 2687 1564 2715 ne
1589 2687 1615 2715 a
1636 2673 1868 2728 Stephano
1893 2672 2000 2714 Was
2015 2688 2056 2714 30

303 2758 382 2799 per
409 2749 639 2786 tormenta
666 2749 1001 2800 extorquantur
1022 2759 1031 2795 ;
1061 2749 1145 2787 etc.

449 2815 702 2865 Cassoviae,
739 2828 806 2869 24.
843 2815 1077 2858 Februarii
1112 2815 1236 2869 1536.

450 2899 674 2964 (Originale.
690 2921 978 2961 Staatsarchiv,
997 2922 1123 2955 VVien.
1142 2921 1386 2966 Hungarica.
1405 2921 1545 2955 Edidit
1561 2930 1568 2954 :
1602 2920 1748 2954 Archiv
1782 2921 1850 2955 des
1866 2921 2004 2955 Verei-

306 2986 374 3013 nes
399 2979 462 3012 fiir
489 2979 831 3024 siebenbi'irgische
860 2981 1153 3015 Landeskunde
1181 2980 1258 3013 vol.
1285 2990 1343 3022 29.
1368 2989 1460 3025 pag.
1485 2979 1715 3024 587—588.)

447 3131 460 3151 1
488 3131 611 3166 Recte
627 3142 633 3165 :
664 3133 937 3179 Clyntschytz.
