2209 3643
292 205 365 249 258
1051 197 1125 231 No.
1150 207 1220 240 215
1729 191 1858 245 [initio
1894 195 1992 239 1536

294 333 458 388 quibus
491 330 689 386 expedit,
725 326 958 370 universis.
995 325 1128 380 Quod
1159 338 1242 366 nos
1274 328 1643 379 regocnoscentes
1675 325 1792 366 hanc
1824 328 1992 366 terram

293 402 717 456 Transalpinensem
747 398 806 439 ad
835 396 1042 438 inclitum
1079 409 1267 450 regnum
1309 394 1572 450 Hungariae
1613 399 1658 437 et
1685 395 1869 437 Sacram
1898 394 1993 436 eius

295 485 506 515 coronam
559 471 616 512 ab
657 468 847 522 antiquo
898 480 1074 522 semper
1116 465 1386 520 pertinuisse
1425 470 1469 506 et
1513 478 1634 507 nunc
1682 465 1907 520 pertinere
1940 478 1992 506 ac

293 543 437 585 eidem
484 554 577 582 esse
619 539 870 580 subiectam
915 541 961 579 et
1005 537 1090 578 hoc
1130 550 1318 592 regnum
1358 540 1565 578 nostrum
1617 536 1993 591 Transalpinense

294 613 547 655 membrum
604 608 865 664 Hungariae
921 612 966 650 et
1023 607 1153 662 quasi
1197 606 1426 662 quendam
1471 606 1620 648 dictae
1665 607 1759 648 eius
1804 619 1994 648 coronae
2030 616 2047 641 5

294 697 471 726 ramum
497 694 672 736 semper
698 680 834 722 fuisse
860 683 905 720 et
931 693 1052 720 nunc
1085 691 1179 720 esse
1217 678 1529 732 vaivodasque
1555 692 1635 732 pro
1662 682 1865 732 tempore
1891 691 1995 719 con-

294 755 496 802 stitutos,
531 765 730 794 unacum
764 750 1087 806 boyaronibuS,
1123 749 1365 798 nobilibus,
1402 748 1671 790 officialibus
1717 748 1996 802 caeterisque

295 824 450 866 incolis
470 828 514 865 et
536 821 923 865 inhabitatoribus
954 835 1007 862 ac
1036 820 1247 862 universo
1278 820 1446 875 populo
1478 820 1627 861 dictae
1658 823 1803 860 terrae
1833 819 1995 860 Trans-

295 895 538 950 alpinensis
580 894 665 935 sub
708 892 791 934 alis
821 897 866 934 et
898 892 1044 933 tutela
1075 890 1186 932 dicti
1216 890 1340 946 regni
1371 891 1672 945 divorumque
1703 889 1810 931 olim
1840 903 1996 944 regum

297 965 558 1021 Hungariae
593 964 652 1006 ad
675 964 795 1005 hunc
815 976 959 1017 usque
987 962 1107 1004 diem
1135 966 1341 1003 servatos
1369 966 1414 1003 et
1444 961 1652 1003 defensos
1680 973 1788 1009 esse,
1819 964 1864 1002 et
1893 974 1997 1001 cum
2014 970 2049 995 10

297 1037 407 1078 alios
428 1035 791 1091 praedecessores
811 1037 1005 1082 nostros,
1030 1038 1129 1074 tum
1147 1032 1428 1087 Spectabiles
1448 1037 1493 1074 et
1516 1031 1781 1087 Magnificos
1803 1031 1997 1072 condam

297 1107 503 1150 dominos
528 1107 567 1147 V
571 1105 701 1147 intila
726 1109 771 1146 et
787 1104 927 1146 Vlad1
953 1104 1054 1159 piae
1080 1103 1323 1145 memoriae
1350 1103 1409 1145 ad
1434 1107 1690 1145 extremum
1706 1115 1849 1157 usque
1874 1102 1997 1143 vitae

298 1180 474 1220 illorum
513 1176 759 1219 terminum
795 1175 1097 1217 Serenissimis
1149 1173 1411 1229 Hungariae
1461 1173 1655 1229 regibus,
1696 1173 1764 1214 uti
1803 1172 1997 1214 dominis

296 1263 451 1292 eorum
480 1246 853 1295 clementissimis,
891 1246 1044 1288 fideles
1073 1250 1117 1287 et
1147 1245 1409 1287 obedientes
1438 1245 1574 1287 fuisse
1615 1248 1660 1286 et
1707 1257 1942 1298 nunquam
1971 1256 1998 1284 a

298 1321 385 1363 fide
421 1324 465 1362 et
501 1318 723 1361 fidelitate
755 1318 917 1359 Sacrae
953 1330 1144 1358 coronae
1179 1320 1225 1358 et
1262 1316 1397 1358 dictis
1432 1316 1549 1358 divis
1584 1314 1763 1370 regibus
1798 1314 2047 1356 eiusdem15

298 1391 423 1446 regni
457 1404 552 1432 sese
587 1388 947 1437 abstraxissent;
982 1387 1140 1442 itaque
1174 1401 1257 1442 pro
1292 1391 1477 1428 vetusta
1511 1385 1839 1428 consuetudine
1872 1384 1997 1440 regni

299 1461 443 1504 nostri
472 1459 862 1515 Transalpinensis
891 1458 1096 1500 volentes
1126 1472 1298 1513 nosque
1328 1457 1551 1499 maiorum
1581 1460 1840 1499 nostrorum
1871 1470 1997 1511 prae-

299 1534 583 1575 decessorum
620 1530 921 1573 vaivodarum
958 1534 1203 1585 praecepta
1238 1542 1346 1571 vero
1380 1527 1706 1583 Spectabilium
1743 1530 1788 1569 et
1826 1527 1997 1582 Magni-

300 1605 488 1646 ficorum
517 1602 749 1658 quondam
784 1600 1072 1642 dominorum
1106 1599 1280 1641 Vintila
1308 1604 1352 1642 et
1382 1599 1499 1641 Vlad
1526 1599 1571 1640 in
1599 1599 1685 1640 hac
1712 1602 1842 1653 parte
1871 1597 1998 1652 sequi

300 1680 344 1717 et
365 1674 534 1716 imitari
552 1672 747 1728 vestigia
765 1676 905 1726 atque
924 1671 1133 1727 praefato
1161 1671 1287 1713 Ser¹¹¹⁰
1319 1669 1503 1712 domino
1522 1668 1810 1711 Ferdinando
1832 1669 1998 1710 Roma·
2014 1678 2050 1704 20

301 1759 475 1794 norum,
511 1744 774 1799 Hungariae
807 1747 851 1784 et
886 1742 1132 1784 Bohemiae
1165 1747 1249 1784 etc.
1286 1741 1393 1796 regi,
1429 1740 1613 1783 domino
1645 1744 1802 1781 nostro
1833 1739 1999 1794 gratio-

301 1816 476 1858 sissimo
497 1820 541 1858 et
563 1829 700 1871 regno
722 1814 985 1869 Hungariae
1005 1827 1249 1868 sacraeque
1270 1812 1471 1854 eiusdem
1493 1825 1683 1853 coronae
1704 1824 1755 1852 ac
1776 1823 1999 1852 successo-

301 1888 425 1929 ribus
454 1886 655 1929 eiusdem
685 1886 811 1940 regni
842 1884 1103 1940 Hungariae
1134 1883 1439 1926 obedientiam
1469 1887 1514 1924 et
1544 1881 1871 1924 subiectionem
1899 1894 2000 1922 nos-

304 1963 422 1999 tram
451 1958 654 2000 debitam
682 1957 910 1999 declarare
936 1956 1131 2010 fideique
1179 1959 1223 1997 et
1257 1953 1490 1996 fidelitatis
1534 1952 1811 2007 homagium,
1859 1952 2002 1993 instar

303 2029 494 2071 aliorum
547 2028 884 2084 praedictorum
938 2026 1240 2068 vaivodarum
1296 2024 1690 2080 praedecessorum
1743 2027 2002 2065 nostrorum
2013 2032 2052 2058 25

306 2104 533 2154 praestare
573 2113 628 2141 ex
663 2098 986 2141 deliberatione
1021 2101 1065 2139 et
1101 2109 1321 2138 consensu
1356 2095 1709 2138 consiliariorum
1743 2097 2002 2136 nostrorum

304 2184 355 2211 ac
396 2170 597 2212 omnium
638 2169 846 2211 ordinum
890 2168 1024 2210 huius
1074 2166 1333 2222 provinciae
1383 2170 1565 2209 nostrae
1613 2163 2002 2220 Transalpinensis

305 2241 553 2283 obtulimus
567 2255 651 2283 nos
665 2254 743 2296 per
757 2239 977 2281 solemnes
998 2242 1198 2281 oratores
1218 2242 1397 2280 nostros
1417 2237 1624 2293 praefato
1653 2236 1779 2278 Ser¹¹³⁰
1818 2234 2002 2277 domino

306 2312 591 2354 Ferdinando
614 2312 939 2360 Romanorum,
963 2309 1227 2365 Hungariae
1247 2313 1292 2350 et
1315 2308 1560 2351 Bohemiae
1581 2312 1665 2349 etc.
1689 2306 1794 2361 regi,
1817 2305 2002 2348 domino

306 2387 461 2425 nostro
496 2382 834 2438 gratiosissimo,
873 2385 925 2423 ut
959 2381 1051 2422 Sua
1088 2380 1301 2422 Maiestas
1337 2393 1419 2422 nos
1455 2383 1500 2420 et
1537 2379 1788 2434 boyarones
1824 2380 2003 2418 nostros
2019 2386 2054 2412 30

308 2453 596 2502 consiliarios,
627 2453 813 2502 nobiles,
837 2451 1051 2494 officiales
1077 2456 1369 2505 caeterosque
1398 2450 1567 2491 incolas
1596 2453 1642 2490 et
1672 2447 2003 2490 inhabitatores

307 2523 658 2579 universumque
716 2523 935 2579 populum
981 2526 1128 2565 terrae
1173 2521 1478 2577 praescriptae
1522 2517 1912 2574 Transalpinensis
1957 2516 2004 2558 in

308 2594 501 2648 gratiam
521 2608 573 2636 ac
592 2594 787 2636 tutelam
807 2607 936 2635 suam
956 2593 1125 2648 regiam
1144 2592 1340 2648 gratiose
1359 2591 1553 2646 recipere
1572 2594 1617 2631 et
1637 2603 1719 2631 nos
1738 2589 1783 2630 in
1803 2587 2002 2630 dominio

311 2664 449 2718 ipsius
488 2669 634 2706 terrae
672 2664 1061 2719 Transalpinensis
1102 2676 1366 2705 conservare
1405 2666 1451 2703 et
1490 2661 1755 2703 confirmare
1793 2663 1838 2700 et
1878 2671 2002 2699 more

310 2734 702 2788 praedecessorum
746 2748 929 2776 suorum
979 2748 1134 2789 regum
1191 2733 1401 2775 divorum
1445 2730 1706 2786 Hungariae
1749 2729 1795 2770 in
1837 2727 2003 2770 nostris
2019 2738 2054 2764 35

311 2804 510 2859 antiquis
542 2805 829 2847 libertatibus
848 2809 893 2847 et
938 2805 1068 2846 bonis
1113 2802 1528 2850 consuetudinibus,
1575 2800 1740 2856 quibus
1784 2799 2003 2840 hactenus

312 2874 380 2915 usi
400 2887 568 2924 sumus,
591 2875 829 2917 observare
849 2879 894 2916 et
915 2875 1154 2917 defendere
1175 2874 1449 2928 dignaretur,
1466 2885 1556 2926 qua
1571 2870 1754 2925 quidem
1775 2868 2003 2910 oblatione

313 2949 468 2985 nostra
497 2959 575 2999 per
604 2945 860 3000 praedictos
891 2950 1093 2987 oratores
1122 2948 1300 2986 nostros
1327 2943 1418 2984 Sua
1446 2941 1660 2983 Maiestas
1689 2953 1743 2981 ex
1773 2939 1894 2993 regia
1922 2952 2005 2980 sua

314 3013 595 3068 benignitate
622 3029 705 3057 nos
733 3020 778 3057 et
806 3015 1063 3070 praedictos
1090 3015 1344 3070 boyarones
1377 3011 1664 3058 consiliarios,
1693 3010 1878 3058 nobiles,
1908 3009 2004 3051 offi-

460 3165 599 3200 1Vlad
624 3167 715 3200 VII.
746 3168 1025 3212 (1530—1532)
1054 3170 1095 3201 et
1119 3167 1221 3201 Vlad
1246 3166 1360 3200 VIII.
1387 3164 1540 3198 Vintila
1567 3163 1862 3208 (1532—1535).
2019 3174 2055 3200 40
