2209 3643
183 195 241 228 26.
263 193 373 239 Junii
396 187 506 241 1538]
882 192 956 227 No.
981 194 1185 237 235—236
1808 191 1877 224 281

182 338 305 366 mam
343 323 502 366 Zewch
539 323 724 365 domino
767 324 1065 366 Moldaviensi
1103 324 1378 380 persuasisse
1427 328 1508 366 aut
1547 323 1774 379 scripsisse
1810 322 1883 364 vel

183 395 430 444 intimasse,
462 399 513 437 ut
543 395 669 436 illum
699 395 1019 450 Volffgangum
1050 395 1245 437 interimi
1278 396 1437 445 facere,
1469 395 1587 436 male
1616 398 1660 435 et
1691 393 1883 449 pessime

184 467 508 515 continuasset,
525 479 671 520 neque
687 465 731 506 in
750 469 986 507 aeternum
1004 466 1167 521 aliquis
1184 467 1269 509 hoc
1286 480 1420 522 super
1437 479 1484 508 se
1500 465 1694 521 probare
1714 468 1880 520 posset.

327 556 552 601 (Originale.
589 555 808 590 Archivum
844 556 1060 590 comitatus
1096 557 1488 592 Beszterczenaszod.
1512 555 1771 600 Besztereze.)

151 726 167 752 5
985 711 1082 752 235.

724 820 907 870 Olmiztz,
941 822 1009 863 26.
1043 822 1180 875 szz'z'
1213 823 1339 874 1538.

370 910 579 951 Giovanni
606 912 778 950 Morone
805 911 979 950 nuntius
1006 911 1207 949 cardinali
1234 910 1478 949 Alexandro
1506 910 1696 949 Farncse.

330 1012 456 1052 Nova
485 1011 536 1052 de
562 1010 749 1066 perfidia
777 1012 982 1053 vaivodac
1010 1011 1275 1052 Moldaviae.

332 1119 673 1162 Comunicando
702 1132 787 1161 con
812 1119 903 1161 Sua
932 1120 1107 1161 Maesta
1135 1119 1165 1159 li
1195 1118 1341 1160 advisi
1370 1118 1425 1160 de
1456 1118 1661 1160 Levante
1690 1118 1771 1160 che
1813 1117 1884 1158 Vra

133 1199 167 1225 1⁰
182 1191 224 1234 S.
257 1191 344 1232 Rma
373 1195 418 1233 et
448 1190 549 1232 Illma
576 1190 639 1232 mi
678 1191 738 1233 ha
776 1190 1012 1239 mandato,
1054 1190 1239 1244 quando
1278 1190 1479 1231 fussemo
1517 1189 1559 1230 al
1587 1188 1785 1243 capitolo
1813 1187 1885 1230 del

185 1262 413 1311 Moldavo,
435 1262 527 1304 Sua
550 1263 725 1304 Maesta
749 1262 811 1303 mi
835 1262 951 1303 disse
975 1262 1056 1303 che
1079 1262 1242 1316 egl’era
1264 1275 1325 1303 un
1348 1274 1459 1316 gran
1482 1260 1713 1316 proditore
1736 1265 1780 1303 et
1804 1260 1885 1302 che

185 1347 277 1376 non
297 1334 549 1389 bisognava
572 1333 725 1375 fidarsi
749 1333 792 1374 di
818 1333 895 1382 lui,
921 1333 1082 1388 perche
1107 1337 1273 1373 teneva
1286 1331 1578 1373 strettissima
1592 1331 1794 1386 practica
1817 1331 1886 1373 col

186 1405 345 1447 Turco.
371 1405 552 1460 Dappoi
567 1404 629 1445 mi
643 1404 878 1459 soggionse
893 1404 996 1445 ch'il
1012 1418 1058 1446 re
1080 1403 1124 1444 di
1147 1402 1334 1445 Polonia
1355 1402 1384 1443 li
1406 1404 1466 1445 ha
1487 1415 1637 1445 mosso
1659 1416 1819 1457 guerra
1840 1406 1885 1443 et

189 1476 272 1518 che
300 1475 331 1517 il
360 1476 526 1530 figliolo
554 1476 585 1516 li
615 1489 675 1524 va
703 1475 749 1516 in
778 1475 965 1531 propria
994 1487 1187 1530 persona
1217 1487 1300 1515 con
1328 1474 1653 1529 potentissimo
1682 1473 1880 1515 exercito

134 1577 169 1603 15
332 1565 559 1615 (Originale.
585 1566 774 1601 Archivio
798 1566 837 1600 di
859 1567 987 1606 Stat0‚
1013 1565 1170 1611 Napoli.
1197 1565 1362 1599 Edidit:
1389 1564 1791 1599 Nuntiaturberichte
1814 1573 1885 1598 aus

187 1626 464 1661 Deutschland
492 1626 570 1660 vol.
602 1626 678 1670 Isz.
708 1636 799 1671 pag.
831 1626 932 1669 310.)

987 1778 1086 1821 236.

689 1889 894 1939 ΚγαΙεόῑω,
929 1902 997 1944 19.
1033 1889 1224 1944 Augusti
1256 1890 1382 1942 1538.

272 1979 566 2031 Sigismundus
603 1980 634 2018 Ι.
673 1992 745 2018 rex
783 1978 981 2018 Poloniae
1016 1977 1286 2017 Ferdinando
1324 1978 1356 2016 Ι.
1394 1977 1479 2028 regi
1518 1976 1772 2027 Hungariae.

134 2097 172 2123 20
334 2078 498 2134 Copias
514 2079 593 2120 etsi
609 2079 773 2127 nolens,
791 2078 912 2119 misit
929 2077 1134 2118 adversus
1150 2075 1365 2131 perfidum
1383 2075 1611 2117 vaivodam
1626 2076 1682 2117 M
1681 2076 1888 2126 oldavme,

189 2150 350 2199 dolens,
369 2150 554 2192 consilia
573 2150 667 2191 eius
685 2149 805 2204 sequi
822 2162 909 2190 non
928 2148 1135 2203 potuisse,
1154 2148 1232 2189 etsi
1249 2147 1478 2202 capitaneo
1497 2160 1575 2187 suo
1593 2160 1691 2187 cum
1708 2147 1889 2188 vaz'voda

189 2221 290 2263 mite
323 2235 441 2276 agere
477 2220 684 2262 iniunxit.

334 2317 514 2359 Alteras
560 2316 829 2372 posteriores
862 2315 1037 2356 litteras
1067 2327 1170 2356 cum
1206 2313 1466 2369 legissemus
1500 2328 1524 2356 e
1566 2313 1759 2369 vestigio
1795 2314 1890 2355 ani-

191 2401 332 2437 mum,
355 2401 491 2443 quem
512 2401 567 2429 ex
592 2387 793 2443 priorum
820 2385 1012 2427 lectione
1033 2385 1078 2426 in
1099 2398 1326 2426 summam
1347 2384 1571 2426 laetitiam
1590 2398 1889 2434 erexeramus,

136 2475 172 2502 25
190 2471 325 2508 novo,
358 2459 596 2514 repentino
628 2462 672 2500 et
706 2458 935 2512 insperato
967 2456 1088 2497 malo
1120 2456 1343 2497 admoniti
1376 2456 1700 2504 contraximus,
1725 2455 1890 2497 defecit

191 2529 409 2584 gaudium
440 2530 586 2571 cordis
615 2529 758 2571 nostri
789 2533 833 2570 et
864 2528 909 2568 in
939 2529 1113 2568 luctum
1145 2540 1275 2568 versa
1304 2531 1371 2568 est
1401 2525 1610 2568 iubilatio
1638 2530 1823 2568 nostra.
1848 2561 1856 2568 .
1880 2560 1888 2568 .

191 2599 311 2641 Nam
337 2600 421 2642 etsi
445 2600 604 2643 foedus
628 2613 731 2641 cum
755 2601 1004 2642 Turcorum
1028 2597 1300 2653 imperatore
1324 2610 1585 2652 percussum
1609 2596 1859 2639 habeamus
1881 2610 1888 2638 :

193 2670 252 2712 ad
281 2671 405 2725 quod
434 2671 771 2726 suscipiendum
801 2674 845 2712 et
876 2673 1081 2711 extrema
1109 2668 1352 2710 necessitas
1381 2671 1551 2717 nostra,
1582 2672 1627 2709 et
1658 2667 1890 2709 christiani

192 2740 416 2797 principes
456 2742 535 2784 diu
574 2741 857 2790 dissidentes,
901 2739 958 2781 ad
998 2739 1262 2793 nullamque
1302 2751 1476 2793 pacem,
1519 2737 1806 2779 concordiam
1847 2742 1891 2779 et

139 2827 174 2853 30
192 2812 393 2868 quietem
423 2812 644 2855 eiusmodi
673 2810 899 2868 propensi,
931 2810 989 2851 ad
1019 2823 1158 2863 quam
1188 2823 1309 2850 nunc
1338 2822 1429 2850 non
1459 2809 1661 2850 humano
1691 2808 1890 2856 consilio,

191 2884 272 2926 sed
314 2883 470 2927 divina
513 2882 715 2939 quadam
758 2881 1045 2936 benignitate
1088 2881 1384 2929 devenerunt,
1429 2893 1511 2922 nos
1555 2880 1803 2934 adegerunt
1847 2884 1892 2922 et

193 2955 472 3010 impulerunt
498 2955 667 2998 invitos
689 2968 695 2996 :
725 2954 771 2996 id
796 2958 952 2996 tamen
979 2951 1138 2994 foedus
1163 2950 1348 2992 minime
1374 2950 1662 2992 voluntatem
1687 2955 1892 2992 nostram

193 3025 448 3080 impediret,
476 3026 586 3080 quin
616 3026 743 3068 salva
761 3024 849 3066 fide
866 3027 1036 3071 nostra,
1057 3035 1196 3076 quam
1215 3026 1259 3062 et
1278 3020 1398 3063 hosti
1417 3021 1715 3076 quantumvis
1733 3021 1892 3063 imma-

195 3096 382 3138 nissimo
420 3109 599 3138 servare
638 3096 756 3144 licet,
786 3087 851 3136 M‘i
881 3095 968 3136 Vme
996 3098 1041 3134 et
1069 3092 1341 3147 reipublicae
1381 3091 1654 3133 christianae
1693 3092 1893 3134 officium

141 3178 176 3205 35
195 3171 417 3216 nostrum,
440 3167 518 3207 ubi
538 3167 732 3209 facultas
761 3165 952 3213 adesset,
983 3163 1258 3218 amplissime
1286 3162 1594 3217 probaremus
1625 3162 1758 3218 Quod
1785 3176 1893 3204 vero
