2209 3643
181 211 273 245 Dec.
301 204 410 259 1537]
939 210 1013 244 No.
1042 219 1109 253 231
1806 217 1879 252 277

181 341 423 383 ducentem
455 339 513 381 ad
545 339 731 381 domum
765 339 886 380 Petri
920 340 1106 395 Regeny
1138 338 1297 380 iudicis
1328 339 1416 381 mei
1448 343 1493 380 te
1524 338 1726 394 recipito.
1761 338 1879 379 Ecce

183 412 241 454 ad
273 412 421 467 ipsum
452 411 628 453 litteras
658 410 992 465 praeceptorias
1023 410 1231 459 scribam,
1265 423 1378 465 quas
1409 409 1487 451 ubi
1519 409 1579 451 illi
1612 408 1877 464 porrexeris,

184 483 302 524 illico
335 486 455 524 retro
490 482 676 524 domum
711 494 840 522 suam
876 494 954 535 per
988 494 1178 535 parvam
1213 485 1394 536 portam
1430 484 1475 522 te
1510 480 1713 522 dimittet
1749 483 1880 522 extra

185 553 420 595 civitatem
441 553 594 608 sicque
623 552 760 593 libere
791 552 948 607 pot[es]
989 552 1179 593 evadere
1223 557 1267 594 et
1299 566 1401 593 cum
1433 551 1490 593 ad
1521 565 1592 593 me
1623 550 1880 606 perveneris

153 643 241 668 5-
271 624 418 679 inquit
447 649 505 653 —
534 623 654 665 dabo
683 623 876 664 florenos
904 622 973 663 bis
1003 623 1123 664 mille
1153 627 1196 664 et
1228 636 1366 664 unam
1396 623 1552 664 villam
1595 622 1882 676 efficiamque

186 700 232 737 te
266 695 464 736 nobilem
498 694 739 736 boierum.»
773 694 898 735 Haec
935 694 1086 734 omnia
1122 694 1216 749 ipse
1251 694 1495 735 Walachus
1530 693 1717 735 tandem
1753 706 1883 735 secus

186 766 455 808 cadentibus
478 766 612 807 rebus
636 765 783 806 fassus
807 769 873 806 est
900 764 1039 806 etiam
1061 778 1212 806 coram
1238 765 1422 806 domino
1446 764 1645 806 vaivoda
1668 764 1881 819 Transyl-

186 837 389 879 vanensi.
414 836 658 878 Walachus
682 836 837 890 itaque
861 836 932 877 ille
955 835 1218 877 Theodorus
1242 836 1410 877 scilicet
1435 835 1639 884 Borbois,
1660 835 1883 877 mandata

185 908 348 963 exequi
379 907 536 949 volens
575 912 619 949 et
644 911 832 962 accepta
863 907 1069 961 pecunia,
1104 906 1245 948 exivit
1279 920 1330 948 ac
1365 906 1570 961 pervenit
1603 906 1648 947 in
1693 906 1882 947 domum

132 997 168 1023 ιο
185 992 330 1028 suam,
361 979 441 1020 ubi
470 979 607 1020 aliam
624 977 763 1027 viam,
782 991 861 1032 per
879 992 1017 1032 quam
1036 978 1210 1019 facinus
1228 978 1320 1019 tale
1338 977 1670 1032 aggrederetur,
1690 976 1880 1018 invenit.

186 1050 289 1092 Non
312 1050 432 1091 enim
454 1049 654 1091 audebat
677 1062 723 1090 se
746 1053 879 1090 tanto
901 1048 1098 1103 periculo
1121 1048 1419 1097 committere,
1443 1048 1610 1089 fecerat
1633 1047 1718 1089 sibi
1740 1048 1884 1089 socios

186 1121 358 1163 iuratos
386 1120 772 1174 distribueratque
799 1120 1053 1174 pecuniam,
1083 1124 1133 1161 ut
1162 1120 1385 1161 Thomam
1414 1119 1599 1160 Werner
1626 1118 1881 1174 pellionem,

187 1191 353 1234 alicubi
373 1191 481 1233 foris
502 1191 738 1233 civitatem
760 1190 1027 1232 invaderent
1049 1194 1093 1231 et
1115 1191 1410 1232 trucidarent.
1435 1190 1473 1231 E
1494 1189 1660 1244 quibus
1680 1189 1884 1231 coniura-

187 1263 247 1305 tis
265 1276 383 1305 unus
402 1262 577 1304 occulte
596 1262 827 1311 accedens
848 1261 933 1316 ipsi
951 1261 1152 1303 Thomae
1172 1262 1227 1303 W
1230 1275 1356 1303 erner
1375 1274 1468 1302 rem
1489 1274 1669 1302 omnem
1689 1260 1882 1315 aperuit.

135 1352 173 1378 ιε,
188 1334 393 1389 Qualiter
418 1334 508 1375 iam
534 1333 821 1389 exploratum
847 1332 1029 1374 venturi
1054 1336 1201 1374 essent
1228 1332 1335 1373 socii
1361 1331 1426 1373 sui
1454 1332 1500 1372 in
1526 1331 1712 1373 domum
1738 1345 1883 1380 suam,

188 1405 266 1447 ubi
288 1404 412 1460 apud
433 1405 674 1446 tabernam
695 1404 917 1453 biberent,
941 1417 993 1444 ac
1015 1416 1060 1444 se
1082 1417 1105 1444 e
1127 1403 1315 1445 civitate
1337 1407 1578 1444 exeuntem
1601 1402 1885 1457 insequeren-

188 1480 264 1517 tur
297 1480 342 1517 et
376 1489 468 1517 non
502 1475 648 1517 multo
682 1474 922 1517 intervallo
942 1474 1132 1516 veniunt
1168 1473 1333 1515 armati
1359 1473 1562 1515 Walachi
1596 1477 1794 1528 quatuor
1828 1473 1886 1514 ad

188 1551 351 1602 potum
381 1546 677 1588 consedentes
707 1560 758 1588 ac
788 1559 835 1587 re
865 1545 1033 1587 infecta
1063 1545 1250 1586 tandem
1281 1544 1587 1587 discedebant.
1621 1544 1786 1586 Postea
1815 1543 1887 1585 ille

189 1617 452 1660 Theodorus
472 1617 741 1672 praecipuus
761 1630 816 1658 ex
849 1615 956 1671 ipsis
976 1615 1198 1657 intellexit
1219 1629 1312 1657 rem
1334 1629 1427 1657 esse
1447 1615 1684 1665 nudatam,
1701 1614 1887 1656 accessit

136 1707 172 1733 20
190 1693 235 1731 et
260 1689 356 1744 ipse
380 1688 439 1730 ad
462 1688 686 1730 Thomam
711 1687 909 1736 Werner‚
936 1686 1101 1728 timens
1125 1686 1249 1728 vitae
1273 1700 1394 1736 suae,
1425 1686 1606 1728 veniam
1643 1686 1889 1741 deprecans

191 1759 457 1814 singulaque
494 1774 549 1801 ex
587 1759 743 1801 ordine
780 1758 1039 1800 edisserens.
1082 1757 1299 1799 Reddidit
1337 1757 1467 1799 binas
1504 1757 1680 1798 litteras
1717 1756 1889 1798 domini

191 1830 527 1879 Moldaviensis,
545 1830 714 1872 alterae
731 1828 865 1871 iudici
885 1829 1019 1870 Petro
1038 1828 1224 1884 Regeny
1240 1833 1454 1870 sonantes
1470 1828 1515 1869 in
1532 1828 1652 1869 hunc
1669 1827 1856 1869 modum
1879 1840 1886 1869 :

335 1921 486 1960 Petrus
530 1921 609 1959 Dei
654 1920 792 1971 gratia
836 1924 913 1958 etc.
961 1918 1151 1957 Misimus
1196 1918 1251 1957 ad
1295 1919 1516 1958 civitatem
1562 1923 1753 1957 nostram
1798 1918 1888 1956 Bis-

191 1981 429 2021 triciensem
473 1979 741 2019 Theodorum
787 1978 977 2024 Borbois,
1036 1978 1321 2029 praesentium
1378 1978 1535 2017 scilicet
1593 1977 1888 2023 exhibitorem,

137 2061 174 2087 25
190 2046 239 2081 ut
285 2041 428 2091 aliqua
471 2040 593 2078 nobis
637 2038 821 2084 servitia,
869 2050 978 2088 quae
1034 2037 1157 2083 nosti,
1216 2037 1422 2088 perficiat.
1483 2037 1637 2087 Itaque
1692 2037 1891 2088 perfectis

191 2100 285 2147 illis,
318 2100 459 2151 ipsum
491 2099 621 2138 libere
653 2103 694 2137 et
728 2098 888 2148 absque
919 2096 1225 2148 impedimento
1257 2096 1462 2135 dimittas.
1498 2095 1614 2134 Vale.

340 2186 522 2228 Alterae
567 2184 792 2226 sonabant
839 2188 1022 2224 centum
1066 2182 1174 2224 viris
1218 2187 1262 2224 et
1308 2186 1433 2224 totae
1478 2182 1800 2224 communitati
1845 2182 1891 2223 in

192 2258 313 2299 hunc
354 2256 571 2298 modum:

337 2353 488 2392 Petrus
550 2357 629 2391 etc.
694 2351 884 2390 Misimus
947 2350 1001 2388 ad
1052 2350 1271 2389 civitatem
1334 2354 1524 2389 nostram
1576 2349 1890 2388 Bistriciensem

140 2427 176 2453 30
194 2413 307 2452 hunc
350 2411 620 2451 Theodorum
665 2410 856 2456 Borbois,
903 2409 1188 2461 praesentium
1236 2409 1528 2455 exhibitorem,
1583 2409 1725 2459 aliqua
1770 2409 1891 2447 nobis

195 2472 392 2511 exhibere
435 2471 620 2510 servitia.
669 2469 850 2509 Proinde
894 2482 989 2507 cum
1035 2468 1181 2507 eadem
1225 2468 1458 2519 perfecerit,
1505 2480 1630 2506 nemo
1675 2480 1726 2506 ex
1770 2468 1892 2506 vobis

195 2531 350 2570 audeat
374 2535 523 2570 contra
543 2528 722 2569 eundern
747 2529 826 2568 sub
858 2539 1012 2578 magna
1034 2532 1203 2566 nostrae
1228 2527 1533 2578 indignationis
1554 2539 1691 2578 poena
1715 2539 1891 2565 manum

194 2591 346 2629 levare.
381 2589 530 2628 Valete
554 2594 633 2628 etc.

344 2682 466 2723 Istae
492 2682 671 2723 litterae
697 2694 776 2736 per
803 2678 996 2721 eundem
1023 2678 1310 2720 Theodorum
1338 2678 1529 2719 Borbois
1555 2678 1759 2719 redditae
1786 2683 1892 2720 sunt

142 2769 179 2795 35
196 2754 242 2795 in
274 2766 438 2794 manus
468 2753 670 2794 Thornae
702 2752 900 2798 Werner‚
934 2754 1093 2804 postea
1124 2753 1168 2790 et
1202 2763 1353 2791 coram
1386 2749 1528 2803 Regia
1558 2749 1812 2798 Maiestate,
1847 2754 1892 2790 et

197 2837 348 2866 coram
373 2823 557 2865 domino
580 2822 789 2864 waivoda
812 2819 1190 2875 Transylvanensi
1217 2820 1373 2861 lectae.
1397 2819 1559 2874 Sicque
1583 2819 1893 2861 disturbatum

197 2899 264 2936 est
291 2895 402 2936 illud
427 2894 633 2949 iniquum
660 2892 908 2935 consilium.
938 2890 1175 2932 Mandavit
1203 2891 1386 2932 demum
1412 2889 1732 2932 Moldaviensis
1758 2891 1894 2931 Petro

200 2966 388 3022 Regeny
404 2964 541 3007 iudici
571 2964 805 3019 praeteriti
835 2961 1029 3018 proximi
1051 2961 1172 3009 anni,
1191 2966 1243 3003 ut
1261 2962 1387 3003 illum
1405 2961 1694 3003 Theodorum
1712 2965 1893 3017 caperet

198 3041 242 3078 et
276 3035 496 3079 decollare
528 3037 709 3078 faceret.
746 3035 917 3089 Captus
950 3032 1132 3086 quidem
1165 3036 1277 3081 erat,
1311 3032 1390 3074 sed
1421 3032 1601 3074 nemine
1633 3036 1890 3082 accusante,

144 3120 181 3146 40
198 3121 288 3149 non
323 3111 503 3163 poterat
539 3106 743 3149 interfici.
782 3106 907 3146 Haec
943 3104 1066 3145 facta
1101 3108 1207 3145 sunt
1241 3103 1380 3159 priori
1416 3117 1536 3146 anno
1572 3104 1689 3145 circa
1724 3104 1891 3146 festum
1917 3134 1966 3162 24,
1988 3125 2072 3164 Aug,

198 3178 331 3219 Beati
366 3177 705 3219 Bartholomaei
742 3175 949 3230 apostoli.
