2209 3643
309 201 381 242 236
1075 197 1150 230 No.
1176 199 1246 238 196
1677 194 1750 248 [22.
1771 199 1881 245 Junii
1904 208 1999 244 1533

308 341 408 369 rum
430 328 577 369 medio
598 326 917 368 nonnullorum
937 325 1209 380 bojaronum
1241 330 1514 376 nostrorum,
1535 326 1746 369 videlicet
1766 328 2001 371 Theodoro

307 398 526 453 Supremo
552 397 821 451 Logoffetho
847 400 892 436 et
916 395 1091 438 Sarban
1118 396 1377 438 udvornicis
1402 411 1482 452 per
1508 398 1792 452 Hungariam
1817 398 1999 441 mittere

309 468 582 515 decreverat,
608 481 710 508 cum
732 480 839 508 vero
861 466 920 508 ad
942 466 1177 508 civitatem
1199 467 1345 521 regiae
1368 467 1654 510 Karansebes
1675 469 1999 524 pervenissent,

308 544 417 579 tunc
440 538 523 593 ipsi
547 538 837 579 civitatenses
860 537 918 578 ab
933 537 995 579 eis
1016 537 1138 579 mille
1160 538 1354 580 florenos
1377 543 1643 594 acceperant
1666 539 1750 580 sub
1773 553 1824 581 eo
1839 540 1999 588 colore,

308 608 430 663 quod
448 609 567 663 ipsos
587 607 803 649 comitare
821 607 981 657 velint,
1005 622 1096 662 quo
1115 622 1257 663 usque
1276 623 1380 650 cum
1398 609 1574 651 tributo
1592 609 1668 651 illo
1688 609 1746 651 ad
1765 610 1999 652 Caesarem
2038 624 2055 649 5

308 679 539 733 pervenire
565 678 753 733 possint.
785 679 955 720 Ferunt
973 678 1113 720 etiam
1140 678 1179 721 ei
1206 679 1385 729 dixisse,
1409 680 1532 735 quod
1563 680 1658 722 sine
1684 694 1839 722 eorum
1865 681 2001 723 comi-

308 749 404 790 tiva
448 749 572 791 nullo
619 749 755 791 modo
801 762 945 804 usque
979 749 1038 791 ad
1070 749 1169 792 loca
1202 750 1278 792 illa
1311 751 1545 806 pervenire
1578 751 1799 793 valebunt
1832 765 1998 794 secure.

307 821 489 861 Extunc
517 820 723 862 comitati
751 825 857 862 sunt
885 833 960 861 eos
987 834 1130 875 usque
1157 821 1216 863 ad
1243 821 1396 876 aliqua
1421 822 1534 870 loca,
1564 822 1858 877 feceruntque
1884 822 2002 864 inter

307 904 380 932 eos
418 891 530 932 tales
566 905 782 940 rumores,
822 891 945 946 quod
982 891 1144 934 Caesar
1180 892 1275 947 ipse
1310 906 1390 947 per
1438 892 1687 935 Germanos
1736 892 2002 948 profligatus

306 966 421 1002 esset
462 966 506 1003 et
548 962 610 1004 sic
650 962 795 1004 coacti
836 966 1122 1016 tergaversus
1162 976 1305 1018 usque
1345 963 1404 1005 ad
1443 963 1726 1018 praedictam
1766 964 2002 1006 civitatem
2016 976 2054 1003 10

306 1032 551 1082 devenisse,
579 1047 682 1074 cum
707 1046 872 1087 magno
897 1033 1083 1087 pudore,
1111 1033 1264 1088 ibique
1288 1034 1346 1076 ab
1371 1034 1433 1076 eis
1458 1048 1597 1089 equos
1621 1034 1857 1089 accepisse.
1885 1035 2002 1077 Tan-

306 1103 407 1144 dem
438 1103 577 1145 etiam
607 1104 848 1146 servitores
875 1104 1050 1146 Sarban
1081 1104 1308 1146 udvornik
1338 1119 1482 1147 unum
1502 1119 1558 1147 ex
1584 1105 2003 1148 Karansebesiensi-

304 1174 388 1215 bus
409 1174 742 1224 interfecerant,
765 1189 848 1230 pro
868 1189 959 1230 quo
979 1179 1164 1217 coactus
1183 1175 1292 1218 dare
1311 1180 1378 1218 est
1399 1180 1619 1231 quattuor
1639 1180 1772 1218 centa
1791 1176 1999 1225 florenos,

305 1249 464 1299 postea
492 1250 537 1287 et
568 1245 653 1300 ipsi
680 1245 962 1287 Sebesienses
992 1260 1134 1287 unum
1165 1260 1221 1288 ex
1250 1246 1546 1289 servitoribus
1572 1247 1747 1289 Sarban
1776 1246 2003 1289 udvornik

304 1316 623 1358 interfecerant
647 1321 691 1358 et
715 1316 826 1358 nihil
848 1330 930 1372 pro
953 1330 1005 1358 eo
1027 1317 1199 1359 solvere
1222 1318 1480 1366 voluerunt,
1505 1322 1550 1359 et
1573 1318 1757 1373 quando
1780 1317 2002 1360 exercitus
2018 1330 2052 1357 15

305 1386 482 1428 Hamza
509 1387 617 1428 bani
646 1392 785 1442 atque
814 1388 1006 1429 aliorum
1035 1388 1307 1443 bojaronum
1336 1393 1609 1438 nostrorum,
1640 1388 1715 1444 qui
1746 1402 1825 1444 per
1852 1392 2002 1430 totam

303 1462 526 1499 aestatem
558 1458 603 1499 in
635 1458 832 1500 servitiis
864 1459 1031 1514 Regiae
1063 1459 1317 1501 Maiestatis
1360 1460 1542 1501 Budam
1574 1459 2001 1514 Estergomiumque

303 1534 431 1570 erant
461 1529 686 1578 servituri,
718 1529 763 1570 in
792 1529 942 1572 reditu
971 1544 1127 1572 eorum
1157 1530 1216 1571 ad
1243 1530 1590 1586 Transalpinam
1619 1530 1758 1572 etiam
1788 1543 1926 1586 equos
1955 1535 2001 1572 et

303 1599 413 1640 alias
446 1614 515 1641 res
547 1600 593 1641 vi
626 1600 925 1655 potentiaque
957 1615 1113 1643 eorum
1147 1606 1428 1656 acceperant.
1465 1601 1754 1656 Quapropter
1791 1614 2002 1656 rogamus

303 1671 402 1710 ΨΜ
424 1670 727 1726 Spectabilem
755 1676 800 1713 et
828 1671 1120 1727 Magnificam
1142 1672 1527 1721 Dominationem,
1543 1677 1783 1727 tamquam
1798 1671 1999 1720 fratrem,
2015 1685 2052 1711 20

303 1741 498 1783 amicum
536 1742 799 1797 bonumque
822 1742 1022 1784 Vicinum
1060 1748 1268 1784 nostrum
1307 1743 1634 1791 charissimum,
1671 1748 1723 1784 ut
1752 1742 2001 1784 secundum

303 1812 572 1854 mandatum
599 1813 764 1867 Regiae
788 1807 870 1854 Μῑἧς
893 1813 1016 1855 0111111
1032 1814 1261 1855 communi
1282 1814 1471 1862 iustitia,
1489 1827 1605 1868 quae
1628 1813 1753 1855 iubet
1777 1813 1884 1855 dare
1907 1827 2001 1855 om-

302 1883 449 1932 nibus,
493 1883 616 1938 quod
656 1898 790 1925 suum
831 1888 912 1934 est,
956 1884 1276 1926 administrare
1317 1884 1577 1939 dignemini,
1621 1883 1744 1939 quod
1784 1884 1821 1926 si
1874 1897 2001 1926 secus

302 1958 485 1995 tantum
512 1955 778 1996 scandalum
806 1969 910 2010 erga
935 1955 1176 2010 bojarones
1203 1960 1384 1997 nostros
1411 1956 1599 2004 factum,
1628 1960 1790 2010 totque
1817 1954 1999 2003 damna,

302 2024 505 2079 impensa
538 2025 798 2067 nullatenus
831 2026 1013 2068 mittere
1046 2026 1271 2075 volumus,
1307 2026 1386 2068 sed
1419 2026 1529 2068 alias
1562 2026 1617 2068 de
1650 2039 1697 2067 re
1729 2025 2001 2080 negotioque
2014 2038 2051 2065 25

302 2095 388 2137 isto
409 2096 781 2151 excogitabimus.
805 2096 979 2138 Deinde
1000 2097 1217 2152 quicquid
1236 2097 1310 2152 boj
1319 2110 1396 2138 aro
1415 2102 1582 2146 noster,
1598 2096 1780 2138 nomine
1794 2096 2002 2151 Maylath

302 2166 502 2220 Zpathar
527 2171 665 2222 atque
691 2167 908 2222 Egregius
934 2169 1095 2209 Petrus
1120 2168 1295 2223 Pythar
1321 2168 1588 2210 secretarius
1623 2172 1791 2215 noster,
1818 2166 2000 2208 nomine

301 2242 456 2279 nostro
490 2238 580 2278 Vrae
612 2238 858 2293 Spectabili
905 2244 950 2280 61
998 2238 1267 2293 Magnificae
1308 2238 1622 2280 Dominationi
1657 2238 1823 2287 dicent,
1861 2237 2000 2279 fidem

302 2306 535 2349 indubiam
561 2308 600 2350 ei
625 2313 855 2363 praestare
879 2309 1043 2358 velitis,
1070 2309 1186 2351 sicut
1211 2314 1256 2351 et
1281 2309 1424 2351 nobis.
1453 2310 1600 2365 Quam
1626 2309 1749 2351 Deus
1772 2307 2000 2349 Maximus

301 2377 603 2420 felicissimam
640 2384 875 2421 conservet
912 2380 971 2421 ad
1006 2393 1089 2422 sua
1123 2385 1247 2429 vota,
1285 2380 1506 2422 desideria
1541 2380 1710 2421 multos
1746 2378 1805 2420 ad
1840 2391 2051 2420 annos.3o

445 2449 618 2490 Datum
645 2450 690 2491 in
718 2450 853 2491 domo
879 2455 1036 2492 nostra
1075 2451 1291 2499 eresth,
1321 2463 1388 2492 22.
1418 2450 1489 2492 die
1512 2450 1652 2505 Junii.
1680 2450 1733 2491 A.
1775 2450 1829 2491 D.
1870 2460 1995 2502 1533.

1005 2557 1138 2599 Wlad
1173 2556 1258 2599 Dei
1292 2557 1439 2612 gratia
1473 2556 1684 2599 dominus
1719 2568 1853 2597 verus

908 2628 1065 2670 haeres
1100 2627 1399 2683 waivodaque
1432 2627 1557 2682 regni
1589 2625 1989 2680 Transalpinensis.

439 2763 701 2802 Intitulatio:
743 2763 972 2815 Spectabili
1014 2768 1055 2802 et
1098 2763 1320 2814 Magnifico
1353 2762 1536 2809 domino,
1571 2761 1742 2800 domino
1779 2762 1996 2813 Stephano

302 2820 493 2872 Bathory
527 2822 577 2860 de
609 2821 793 2873 Somlyo,
831 2823 1047 2862 waivodae
1082 2822 1436 2874 Transylvanensi
1482 2826 1523 2860 et
1568 2820 1801 2860 Siculorum
1835 2821 1991 2860 comiti.
2012 2839 2047 2866 35

302 2879 483 2918 Domino
512 2880 644 2927 fratri,
677 2882 813 2920 amico
842 2882 1064 2933 vicinoque
1094 2882 1214 2920 nobis
1243 2881 1496 2920 charissimo.

444 2978 667 3022 (Originale.
684 2980 852 3025 Magyar
864 2980 1048 3014 Nemzeti
1060 2981 1246 3014 Muzeum
1260 2978 1453 3013 leveltara
1465 2980 1741 3023 torzsanyaga‚
1771 2978 1988 3023 Budapest.

303 3034 463 3070 Edidit:
486 3037 748 3072 «Tortenelmi
779 3039 875 3073 Tar»
904 3040 1015 3081 1892.
1038 3049 1127 3084 pag.
1161 3038 1323 3084 77—78.
1357 3037 1435 3072 Cfr.
1470 3037 1610 3082 Iorga:
1644 3036 1775 3070 Studii
1808 3037 1840 3083 si
1872 3036 1990 3071 docu-

301 3097 434 3127 mente
460 3094 536 3130 vol.
567 3095 641 3131 III.
672 3107 760 3141 pag.
789 3097 1211 3140 LXXIX—LXXX.)
