2209 3643
204 208 262 242 16.
286 205 380 240 Dec.
406 201 514 255 1534]
959 206 1034 240 No.
1058 216 1128 250 203
1819 215 1891 251 245

205 337 283 379 ubi
309 337 505 379 confines
528 335 750 378 Moldavis
773 340 894 385 sunt,
918 350 973 378 ne
997 340 1233 391 propterea
1256 340 1406 378 motus
1429 335 1567 391 aliqui
1590 335 1896 378 excitarentur

203 409 247 450 in
274 407 602 463 Transylvania
624 421 632 456 ;
662 411 746 449 etc.

346 479 540 521 Cibakus
583 478 660 533 qui
703 482 891 519 noverat
935 478 1282 532 gubernatorem
1325 478 1553 519 hominem
1595 491 1802 520 severum
1846 477 1890 519 in

200 554 489 591 contumaces
537 549 920 603 adversantesque
970 549 1217 590 commodis
1266 549 1581 591 communibus
1630 553 1675 591 et
1725 549 1890 591 idcirco

138 634 161 659 5
200 621 457 663 decreverat
489 624 595 662 ante
625 624 818 661 mortem
850 620 1037 661 Bathori
1068 620 1289 662 vaivodae
1319 634 1408 661 non
1439 620 1584 661 solum
1614 633 1704 662 non
1735 634 1888 662 occur-

198 705 292 733 rere
314 691 604 747 gubernatori
619 691 664 732 in
680 691 963 745 Hungariam
978 691 1191 741 venienti,
1208 691 1286 733 sed
1300 705 1356 733 ne
1371 705 1628 746 comparere
1643 691 1828 746 quidem
1842 691 1888 733 in

198 767 442 818 conspectu
470 762 591 804 eius:
623 766 732 804 tunc
761 767 896 803 aucto
924 776 979 803 ex
1008 763 1174 804 recenti
1199 776 1334 804 causa
1362 762 1465 803 odio
1497 762 1810 817 gubernatoris
1843 762 1888 803 in

197 834 344 889 ipsum
371 847 461 875 non
493 833 638 876 solum
671 847 761 874 non
794 834 1061 882 retrocessit,
1093 833 1171 875 sed
1204 833 1455 888 intrepidus
1481 833 1657 875 duabus
1681 833 1888 888 partibus

196 905 428 959 equitatus
443 904 635 946 dimissis
650 904 926 959 expectavit,
942 904 1155 946 nimirum
1170 904 1469 946 confidentiae
1484 904 1821 946 coniuratorum
1842 909 1887 946 et

139 987 177 1014 ,ιο
195 976 393 1018 nefariae
415 975 772 1030 conspirationis.
804 976 896 1017 Nec
923 989 975 1017 eo
1002 980 1243 1017 contentus
1264 975 1396 1017 Wlad
1415 975 1660 1017 vaivodam
1681 975 1887 1017 Transal-

195 1047 427 1102 pinensem
448 1046 638 1088 assiduis
667 1046 838 1088 nuntiis
861 1046 1121 1088 sollicitavit
1142 1060 1193 1088 ac
1214 1046 1387 1102 pepulit
1410 1046 1454 1088 in
1475 1059 1604 1088 suam
1628 1046 1886 1096 factionem,

195 1132 298 1160 cum
314 1118 352 1160 ei
367 1122 540 1159 metum
556 1117 826 1167 incussisset,
843 1131 898 1159 ne
913 1118 1170 1172 principatu
1184 1122 1436 1166 exueretur,
1454 1122 1737 1159 commentus
1757 1131 1888 1172 agere

193 1189 543 1244 gubernatorem
589 1188 644 1230 de
690 1188 1007 1230 constituendo
1054 1188 1253 1244 principe
1299 1188 1750 1243 Transalpinensibus
1796 1188 1887 1230 filio

195 1274 305 1302 suo:
345 1260 429 1302 hoc
466 1260 607 1302 fecere
644 1260 845 1314 plerique
893 1259 1064 1301 nobiles
1117 1259 1190 1313 (ab
1240 1259 1346 1314 ipsis
1382 1259 1618 1301 boiarones
1655 1259 1883 1314 dicuntur)

139 1341 179 1369 15
197 1333 274 1387 qui
302 1331 525 1373 vaivodae
552 1330 704 1372 infesti
731 1335 893 1372 essent.
925 1331 1024 1386 Quo
1052 1331 1225 1372 factum
1253 1335 1334 1380 est,
1364 1335 1415 1372 ut
1443 1330 1731 1372 venientibus
1757 1330 1887 1372 nobis

196 1416 275 1458 per
314 1402 634 1457 Transalpinos
675 1402 916 1444 accurrerit
960 1402 1053 1457 ipse
1093 1401 1291 1443 vaivoda
1332 1415 1434 1443 cum
1476 1401 1647 1456 ingenti
1687 1401 1889 1443 exercitu

195 1487 367 1528 nosque
396 1473 507 1515 nihil
535 1473 626 1515 tale
655 1477 962 1528 expectantes,
994 1472 1162 1527 alioqui
1191 1472 1249 1514 ad
1278 1472 1535 1514 huiusmodi
1565 1485 1693 1514 casus
1722 1472 1888 1514 muniti

195 1545 488 1594 venissemus,
515 1544 634 1586 diem
658 1548 702 1586 et
728 1548 908 1586 noctem
932 1544 977 1585 in
1001 1543 1265 1599 patentibus
1289 1543 1460 1598 campis
1484 1543 1722 1585 obsederit.
1751 1543 1887 1585 Cuius

196 1616 306 1657 facti
336 1620 515 1657 constat
546 1629 649 1657 eum
679 1614 953 1670 poenituisse
983 1628 1035 1656 ac
1065 1614 1264 1656 reiecisse
1294 1614 1473 1670 culpam
1504 1614 1548 1656 in
1580 1614 1815 1664 Cibakum,
1859 1628 1886 1656 a

135 1697 177 1723 20
196 1701 286 1742 quo
310 1687 466 1728 fuisset
489 1686 733 1728 mendaciis
755 1685 814 1727 ad
836 1686 919 1727 hoc
943 1685 1115 1727 facinus
1137 1685 1356 1740 impulsus
1377 1699 1385 1735 ;
1410 1689 1494 1727 etc.

341 1758 502 1799 Petrus
535 1757 733 1799 vaivoda
767 1756 1034 1806 Moldaviae,
1070 1756 1206 1798 homo
1228 1755 1444 1811 bipedum
1473 1756 1674 1797 omnium
1701 1756 1885 1798 scelera-

194 1828 410 1878 tissimus,
438 1828 664 1883 specimen
690 1828 908 1883 perfidiae
934 1828 1175 1882 plusquam
1202 1827 1411 1876 Punicae,
1429 1841 1564 1882 quem
1590 1826 1883 1869 tributarium

194 1900 443 1942 Turcorum
480 1899 588 1948 dixi,
626 1899 823 1941 multum
859 1899 904 1940 in
940 1898 1031 1940 suis
1066 1898 1256 1953 negotiis
1292 1898 1446 1939 favore
1483 1911 1534 1939 ac
1570 1898 1885 1953 procuratione

193 1970 507 2026 gubernatoris
545 1970 668 2025 apud
696 1970 930 2012 Caesarem
973 1969 1214 2012 advinctus
1253 1969 1354 2018 fuit,
1388 1969 1481 2024 ipse
1519 1968 1717 2010 vicissim
1752 1982 1882 2011 suam

135 2051 176 2077 25
194 2042 533 2084 observantiam
549 2055 653 2096 erga
667 2041 1016 2096 gubernatorem
1031 2040 1292 2082 declaravit.
1310 2040 1455 2081 Missis
1470 2039 1529 2081 ad
1544 2053 1647 2081 eum
1662 2039 1885 2095 plerisque

194 2113 370 2155 nunciis
396 2117 535 2168 atque
561 2112 836 2161 muneribus,
864 2115 1092 2166 postremo
1119 2110 1240 2152 misit
1267 2124 1527 2166 supremum
1554 2110 1882 2160 cancellarium,

195 2184 274 2239 qui
303 2183 596 2238 gubernatori
624 2183 669 2224 in
698 2182 1005 2238 Transalpinis
1034 2186 1297 2223 occurreret.
1331 2182 1375 2223 Is
1403 2185 1584 2223 secutus
1613 2181 1884 2236 gubernato-

194 2269 288 2296 rem
320 2255 365 2296 in
396 2254 773 2310 Transylvaniam
804 2253 998 2308 optavit,
1031 2258 1082 2295 ut
1114 2252 1313 2294 amicitia
1343 2256 1388 2294 et
1421 2252 1681 2294 fraternitas
1716 2252 1793 2307 (sic
1823 2252 1885 2294 illi

195 2325 496 2367 arctissimam
519 2325 883 2367 coniunctionem
906 2325 1088 2378 vocant)
1113 2323 1230 2365 inter
1251 2323 1599 2378 gubernatorem
1622 2337 1673 2364 ac
1698 2323 1885 2365 Petrum

135 2404 175 2431 30
196 2396 441 2438 vaivodam
470 2396 584 2438 inita
612 2396 829 2438 validiore
858 2409 978 2437 nexu
1007 2395 1274 2436 firmaretur.
1306 2395 1547 2435 Annuente
1576 2393 1621 2435 in
1651 2393 1697 2435 id
1725 2394 1884 2449 guber-

195 2472 354 2509 natore
393 2467 738 2509 conscribuntur
776 2466 989 2521 utrinque
1027 2465 1204 2507 litterae
1243 2465 1458 2520 inscripto
1498 2464 1698 2506 maximo
1735 2465 1884 2506 verbis

194 2538 470 2580 solemnibus
510 2537 826 2580 iureiurando:
870 2537 1062 2578 alterum
1103 2536 1353 2577 affuturum
1393 2535 1561 2577 auxilio
1600 2540 1884 2590 praesentem

195 2609 325 2650 alteri
349 2623 452 2651 cum
475 2609 684 2651 omnibus
707 2608 798 2650 suis
821 2607 1005 2656 viribus,
1030 2607 1066 2648 si
1087 2606 1328 2648 necessitas
1352 2605 1570 2648 inciderit.
1597 2606 1697 2648 Hoc
1719 2606 1882 2661 agebat

196 2680 312 2721 latro
343 2680 555 2729 nefarius,
588 2680 666 2735 qui
709 2679 800 2721 iam
843 2692 946 2720 cum
991 2678 1160 2720 Cibako
1205 2691 1286 2719 sua
1317 2676 1499 2718 sonsilia
1529 2676 1746 2718 scelerata
1778 2690 1881 2719 con-

142 2757 179 2784 35
197 2751 464 2800 sociaverat,
507 2755 560 2792 ut
602 2750 890 2806 gubernator,
935 2763 1038 2791 cum
1096 2748 1231 2790 armis
1273 2752 1505 2802 urgeretur
1547 2747 1881 2802 Hungarorum,

198 2821 366 2863 Tuscos
386 2835 478 2863 non
499 2821 758 2871 advocaret,
793 2833 973 2862 securus
1006 2819 1161 2861 auxilii
1194 2819 1332 2874 ipsius
1354 2823 1399 2860 et
1420 2818 1482 2860 sic
1504 2818 1713 2860 incautus
1734 2818 1883 2873 oppri-

199 2896 409 2941 meretur,
440 2896 492 2934 ut
521 2896 680 2947 postea
709 2892 883 2934 facturn
912 2895 993 2932 est.

343 2962 589 3005 Interfecto
628 2963 695 3017 (ut
731 2962 840 3015 dixi)
869 2961 1038 3003 Cibako
1064 2959 1223 3015 reliqui
1258 2959 1594 3001 coniuratorum
1628 2959 1794 3009 subito,
1830 2964 1882 3001 ut

197 3045 253 3073 ex
282 3037 553 3088 praeparato
582 3033 683 3083 fuit,
715 3046 901 3088 magnas
931 3031 1082 3086 copias
1112 3031 1157 3072 in
1187 3044 1328 3073 unum
1358 3030 1647 3079 contrahunt,
1679 3030 1882 3072 homines

140 3111 180 3137 40
199 3102 336 3144 etiam
375 3103 432 3145 ab
471 3117 602 3159 opere
639 3104 808 3146 rustico
846 3102 905 3144 ad
942 3115 1068 3144 arma
1098 3101 1359 3151 concitant;
1399 3100 1496 3142 aliis
1524 3100 1569 3141 in
1600 3101 1883 3155 Hungariam

199 3172 484 3223 denuntiant,
513 3174 715 3229 quilibet,
745 3178 795 3216 ut
824 3177 1028 3215 accurrat
1055 3172 1114 3214 ad
1140 3171 1463 3214 excutiendum
1490 3171 1644 3226 iugum
1669 3171 1882 3214 barbaro-
