2209 3643
226 202 259 238 7.
281 193 376 239 Apr.
402 187 510 241 1535]
957 192 1031 228 No.
1056 193 1127 227 208
1816 203 1885 238 251

198 323 292 365 und
326 337 410 365 uns
444 322 669 365 erreichen
711 323 905 371 mochte,
942 322 1085 364 damit
1120 322 1200 364 wir
1234 323 1349 364 auch
1384 337 1474 365 von
1510 323 1630 365 Euer
1663 323 1744 364 Mt.
1782 323 1889 364 aller

195 393 368 436 Sachen
418 394 488 436 ein
539 393 843 435 schriftlichen
883 393 1064 434 Bericht
1105 394 1297 435 nehmen
1332 408 1513 449 mugen,
1557 394 1762 436 daneben
1794 393 1888 435 sich

199 465 316 507 Herr
333 465 511 507 Thurzo
531 469 717 519 erpoten
737 464 908 505 solches
928 465 1047 505 Euer
1067 465 1147 506 Mt.
1170 464 1249 506 auf
1267 465 1570 507 furderlichist
1601 464 1887 519 anzuzeigen,

199 535 343 578 damit
383 549 467 577 uns
506 535 678 577 solcher
716 535 891 589 Verzug
930 535 1000 576 bei
1042 536 1161 577 Euer
1200 536 1280 577 Mt.
1323 550 1378 577 zu
1417 535 1594 578 keinem
1635 535 1888 590 Ungnaden

167 620 183 646 5
197 606 430 662 gereichen
456 606 575 648 solle.
604 606 808 647 Welches
832 606 911 647 wir
937 620 1017 647 aus
1043 606 1323 661 angezeigter
1348 606 1562 661 Meinung
1587 606 1681 648 also
1705 606 1887 661 gethan,

198 677 292 719 und
320 677 537 719 bemelter
565 677 708 718 Poten
737 690 826 718 von
857 677 935 718 der
963 677 1116 718 Molda
1144 677 1459 719 Wiederkunft
1488 682 1662 719 erwart.

342 748 515 789 Datum
546 747 776 803 EpperieS,
808 747 894 788 den
926 760 965 801 9.
998 748 1092 803 Tag
1123 748 1367 790 Februarii.
1400 749 1533 790 Anno
1563 748 1624 789 im
1656 747 1889 790 Funfund-

198 818 513 874 dreissigisten.

546 901 773 948 (Originale.
806 902 1095 943 Staatsarchiv,
1130 902 1256 936 Wien.
1291 902 1550 947 Hungarica.)

146 1069 181 1096 ιο
993 1064 1091 1106 208.

708 1176 914 1231 Fogams,
946 1188 1013 1229 27.
1048 1176 1222 1231 Aprilis
1252 1187 1378 1229 1535.

191 1265 434 1318 Stephanus
460 1265 631 1317 Maylad
651 1265 836 1305 vaivoda
856 1265 1189 1317 Transylvaniae
1216 1265 1407 1304 Michaeli
1440 1265 1594 1304 Nemes
1626 1266 1677 1304 de
1709 1266 1888 1317 Hidveg.

339 1366 561 1408 Nuntiata
594 1366 643 1408 de
674 1366 798 1408 rebus
831 1365 1097 1408 Moldavz'cis
1131 1371 1167 1408 et
1204 1366 1464 1408 Valaclzicis.

342 1472 578 1515 Carissime
603 1473 755 1515 frater.

146 1554 182 1580 15
339 1543 607 1599 Scripsimus
644 1544 703 1585 ad
738 1544 1010 1599 wayvodam
1048 1544 1303 1586 Moldaviae
1339 1544 1515 1586 litteras
1551 1549 1730 1586 nostras
1766 1558 1892 1600 prae-

196 1614 401 1656 sentibus
445 1614 651 1657 inclusas.
700 1615 944 1669 Rogamus,
990 1619 1040 1656 ut
1086 1615 1258 1664 statim,
1304 1615 1412 1656 visis
1456 1615 1770 1670 praesentibus
1814 1630 1894 1671 per

196 1689 401 1727 vestrum
434 1686 614 1728 Gallum
648 1686 732 1741 ipsi
765 1686 979 1727 Moldavo
1000 1686 1182 1728 mittere
1209 1686 1383 1728 velletis
1405 1686 1484 1736 ita,
1518 1691 1570 1728 ut
1599 1687 1670 1728 die
1694 1691 1739 1729 et
1759 1691 1892 1728 nocte

197 1756 336 1799 vadet
364 1770 416 1798 ac
444 1757 503 1798 ad
529 1770 611 1798 nos
638 1761 796 1812 postea
824 1757 1021 1806 festinet,
1051 1761 1096 1798 et
1125 1756 1289 1798 dicatis
1316 1757 1392 1807 illi,
1422 1762 1473 1799 ut
1500 1757 1615 1799 bene
1641 1758 1892 1813 perpendat

199 1827 352 1869 omnia
385 1828 567 1882 negotia
600 1828 663 1869 ibi
698 1828 965 1869 Moldaviae.
1001 1827 1045 1869 Si
1081 1827 1431 1882 contingeretur,
1467 1833 1518 1870 ut
1553 1833 1705 1871 vester
1739 1829 1894 1871 Gallus

145 1908 183 1935 20
199 1898 323 1940 domi
358 1912 450 1940 non
487 1903 618 1949 esset,
657 1903 825 1941 extunc
863 1898 1061 1940 mittatis
1098 1899 1237 1940 aliurn
1273 1904 1610 1954 competentem
1646 1900 1890 1942 hominem.

345 1970 584 2012 Praeterea
625 1970 845 2011 habemus
886 1970 1036 2011 locum
1078 1983 1364 2011 communem
1405 1984 1508 2012 cum
1550 1970 1734 2012 domino
1773 1984 1894 2026 way—

198 2041 320 2083 voda
337 2040 702 2096 Transalpinensi
734 2041 779 2082 in
811 2041 927 2082 festo
946 2040 1192 2082 Beatorum
1213 2040 1408 2096 Philippi
1427 2046 1472 2083 et
1489 2041 1650 2096 Jacobi
1669 2042 1894 2097 apostolo-

198 2125 300 2153 rum
328 2111 374 2153 in
404 2112 595 2161 Rozno,1
616 2112 675 2153 ad
695 2126 829 2166 quem
858 2112 1007 2153 locum
1036 2111 1358 2167 deputabimus
1386 2112 1653 2167 magistrum
1681 2117 1893 2168 protono-
1933 2145 1960 2166 1,
1977 2136 2065 2168 Maii,

201 2183 372 2225 tarium
415 2187 623 2225 nostrum
667 2187 711 2224 et
758 2182 950 2224 iudicem
996 2182 1381 2224 Brassoviensem2
1405 2197 1508 2224 cum
1552 2183 1703 2238 aliquo
1747 2184 1895 2226 iurato

147 2261 184 2288 25
201 2258 492 2308 caeterosque
520 2253 706 2303 nobiles,
738 2254 815 2308 qui
844 2253 934 2295 sint
976 2253 1019 2294 in
1056 2253 1338 2295 discretione.
1371 2254 1616 2308 Rogamus,
1646 2259 1697 2296 ut
1739 2259 1783 2297 et
1813 2269 1894 2297 vos

200 2324 263 2366 ibi
295 2324 393 2366 sitis
425 2339 528 2366 cum
561 2325 660 2373 illis,
693 2338 801 2366 nam
833 2324 1043 2366 dominus
1075 2324 1334 2379 praedictus
1365 2324 1573 2366 waivoda
1605 2326 1895 2380 conqueritur

201 2408 334 2451 super
376 2396 544 2437 multos
587 2395 742 2437 fideles
787 2395 954 2449 Regiae
1009 2388 1089 2436 Mtis
1132 2395 1302 2436 domini
1345 2395 1488 2437 nostri
1544 2396 1892 2447 clementissimi,

201 2480 317 2521 quae
347 2471 478 2508 erunt
507 2466 815 2508 rectificanda.
854 2466 983 2507 Gallo
1006 2479 1084 2520 per
1109 2465 1229 2507 hunc
1255 2466 1400 2521 Beldy
1435 2466 1535 2507 misi
1570 2481 1652 2522 pro
1687 2467 1894 2522 expensis

202 2537 246 2579 fl.
282 2537 355 2579 III
391 2542 435 2579 et
470 2537 641 2592 optime
667 2537 830 2579 valere.

147 2615 184 2642 30
339 2608 409 2649 Ex
430 2608 626 2663 Fogaras
641 2608 752 2650 feria
774 2607 910 2649 tertia
931 2611 1033 2662 post
1057 2607 1223 2648 festum
1245 2607 1436 2662 Georgii.
1462 2608 1596 2649 Anno
1623 2619 1745 2662 1535.

1278 2702 1535 2757 Stephanus
1572 2703 1756 2759 Maylad

1176 2786 1324 2814 comes
1359 2778 1403 2814 et
1438 2773 1652 2829 vayvoda
1686 2788 1892 2829 manupr.

339 2863 365 2902 I
367 2863 571 2903 ntitulatz'o
589 2876 602 2902 .·
637 2863 814 2915 Egregio
845 2861 1036 2901 Michaeli
1057 2862 1209 2900 Nemes
1228 2862 1279 2901 de
1299 2863 1477 2913 Hidveg.
1499 2863 1682 2902 Domino
1701 2868 1742 2902 et
1762 2863 1896 2902 amico

201 2922 459 2961 honorando.

149 3013 184 3040 35
345 3007 677 3052 (Autographum.
710 3006 929 3041 Archivum
960 3008 1177 3042 comitatus
1207 3004 1424 3045 AlsOsehe'r,
1469 3006 1728 3051 Nagyenyed.
1761 3007 1895 3041 Codex

202 3065 524 3100 authenticorum
555 3066 921 3111 Kemenyianorum
950 3064 1027 3098 vol.
1060 3064 1090 3098 Ι.
1120 3066 1193 3101 No.
1225 3064 1301 3108 36.)

350 3186 363 3207 1
389 3186 542 3220 Hodie:
574 3174 906 3230 Barezarozsnyo.
1014 3184 1027 3205 ²
1056 3185 1184 3219 Lucas
1213 3184 1412 3221 Hirseher.
