2209 3643
261 187 332 220 162
1018 182 1093 216 No.
1118 192 1186 216 121
1701 177 1830 231 [Febr.
1855 188 1954 228 152&

416 314 527 356 Cum
555 317 787 369 praeterea
815 311 971 353 eadem
1002 310 1144 364 Regia
1170 310 1385 352 Maiestas
1413 325 1468 352 ex
1496 311 1745 365 insignibus
1772 310 1959 352 oratori-

269 385 356 426 bus
375 383 709 426 Dominationis
740 383 802 423 V¹²
815 385 830 400 Ε
861 380 1106 436 accepisset
1126 394 1225 422 eam
1246 395 1420 436 cupere,
1441 386 1493 423 ut
1513 382 1694 423 foedera
1712 385 1757 423 et
1776 381 1960 437 inscrip-

268 455 430 504 tiones,
466 468 581 509 quae
614 454 731 495 inter
763 465 887 506 reges
920 456 964 493 et
998 465 1185 506 regnum
1220 452 1432 494 Poloniae
1465 456 1510 493 et
1543 452 1789 494 voievodas
1822 457 1961 507 atque

269 531 437 568 terram
457 524 713 566 Moldaviae
731 521 987 577 antiquitus
1006 523 1248 564 observata
1266 527 1311 565 et
1331 524 1454 566 facta
1472 527 1615 572 erant,
1635 528 1962 565 renovarentur

268 602 314 639 et
345 596 732 643 confirmarentur,
765 593 950 635 tametsi
976 593 1235 648 Stephanus
1264 594 1500 643 voievoda‚
1532 594 1790 636 adolescens
1818 608 1961 649 nuper
1997 607 2015 633 5

265 672 477 709 mortuus
507 666 665 707 eadem
697 664 878 707 foedera
908 668 953 705 et
984 664 1299 719 inscriptiones
1328 679 1419 707 non
1450 666 1653 714 curabat,
1686 678 1850 720 easque
1880 679 1961 720 pro

267 738 429 780 maiori
454 742 584 792 parte
609 736 828 784 violabat,
852 735 1058 790 Suaeque
1085 735 1253 789 Regiae
1277 730 1345 778 Mti
1361 741 1406 778 et
1443 735 1641 778 subditis
1665 736 1760 778 eius
1784 736 1961 778 hostem

269 822 382 864 pene
405 812 614 863 apertum
636 821 682 848 se
704 806 980 856 declarabat,
1002 806 1158 848 multis
1180 807 1351 848 iniuriis
1372 812 1416 849 et
1439 806 1729 849 clandestinis
1750 807 1962 848 incursio-

265 879 402 921 nibus
440 878 648 920 subditos
685 872 768 920 Mtis
803 878 919 920 Suae
958 877 1201 927 afficiebat,
1253 878 1298 919 in
1349 878 1520 920 ditione
1564 891 1744 933 quoque
1782 891 1864 919 sua
1900 877 1963 919 nil

267 950 404 999 aliud,
429 949 514 991 nisi
539 949 855 990 crudelitatem
878 953 923 990 et
947 948 1106 989 caedes
1129 949 1173 990 in
1197 962 1301 990 suos
1323 950 1577 999 exercebat,
1602 948 1725 1004 quod
1747 949 1962 991 Domina-
1978 961 2017 988 10

274 1021 389 1063 tioni
425 1021 515 1062 V¹²e
549 1020 721 1075 optime
757 1023 965 1070 constat;
1001 1019 1293 1061 nihilominus
1336 1025 1490 1062 tamen
1522 1020 1614 1062 Sua
1647 1019 1874 1069 Maiestas,
1910 1025 1962 1062 ut

268 1091 476 1147 princeps
520 1091 805 1140 christianus,
849 1104 930 1146 pro
971 1090 1091 1132 bono
1132 1091 1193 1132 rei
1236 1091 1506 1133 christianae
1546 1091 1657 1133 talia
1698 1090 1878 1133 foedera
1918 1096 1963 1133 et

268 1162 587 1217 inscriptiones
629 1161 868 1203 renovavit
913 1165 1051 1216 atque
1095 1162 1395 1211 confirmavit,
1439 1176 1511 1204 me
1554 1176 1734 1218 quoque
1776 1163 1863 1204 huc
1905 1162 1964 1204 ad

268 1232 643 1276 Dominationem
692 1233 793 1274 Ῥω]
844 1232 981 1281 misit,
1034 1245 1134 1273 earn
1173 1233 1483 1283 adhortatum,
1523 1238 1574 1275 ut
1613 1233 1816 1275 similiter
1853 1233 1964 1275 talia

270 1304 451 1346 foedera
487 1308 531 1345 et
568 1303 884 1359 inscriptiones
920 1308 1122 1352 renovet,
1160 1303 1344 1358 iureque
1380 1304 1570 1346 iurando
1605 1317 1686 1345 suo
1721 1308 1766 1346 et
1802 1304 1963 1346 litteris
1978 1315 2018 1342 15

268 1375 412 1430 sigillo
443 1389 525 1416 suo
558 1379 602 1416 et
634 1375 903 1416 boiaronum
925 1387 1108 1417 suorum
1141 1374 1392 1430 obsignatis
1426 1389 1577 1418 coram
1608 1389 1681 1416 me
1713 1376 1960 1417 confirmet.

416 1447 606 1501 Insuper
648 1445 739 1487 Sua
783 1445 999 1488 Maiestas
1044 1445 1412 1488 animadvertens
1457 1446 1575 1488 vires
1619 1450 1663 1488 et
1709 1447 1963 1501 potentiam

269 1516 520 1559 infidelium
546 1530 761 1571 magnam
783 1530 890 1565 esse,
918 1516 1119 1572 nihilque
1145 1530 1220 1558 eos
1246 1517 1369 1559 aliud
1393 1517 1552 1566 moliri,
1575 1531 1728 1572 quam,
1750 1522 1801 1559 ut
1828 1517 1962 1559 chris-

269 1588 533 1630 tianitatem
571 1587 947 1630 circumvenirent
983 1592 1028 1630 et
1065 1587 1384 1643 opprimerent,
1434 1588 1720 1631 considerans
1767 1602 1960 1643 quoque,

267 1673 407 1714 quam
440 1673 659 1714 magnum
694 1663 978 1700 momentum
1015 1659 1087 1708 sit,
1124 1659 1160 1700 si
1194 1659 1458 1702 Dominatio
1491 1659 1590 1701 Tua
1623 1660 1668 1702 in
1702 1660 1883 1701 tuendis
1917 1663 1961 1701 et
1978 1669 2015 1696 20

266 1730 562 1772 defendendis
588 1730 646 1771 ab
673 1729 928 1773 infidelibus
954 1730 1119 1771 finibus
1145 1735 1189 1771 et
1216 1730 1428 1773 subiectis
1455 1744 1556 1772 cum
1594 1731 1623 1773 iv
1643 1729 1669 1750 ‘⁸
1691 1730 1782 1772 Sua
1820 1745 1961 1772 unum

266 1806 311 1843 et
343 1802 463 1843 idem
494 1801 604 1843 velit
636 1806 775 1856 atque
805 1801 992 1844 senserit
1023 1801 1294 1856 eosdemque
1325 1801 1492 1844 amicos
1522 1806 1567 1843 et
1598 1801 1779 1844 eosdem
1809 1802 1962 1844 hostes

264 1887 368 1915 cum
397 1873 555 1915 eadem
584 1872 726 1927 Regia
765 1871 840 1914 Mte
867 1872 1091 1922 habuerit,
1134 1872 1318 1914 tametsi
1346 1873 1430 1914 hoc
1457 1872 1605 1928 ipsum
1634 1873 1679 1914 in
1708 1872 1962 1915 foederibus

262 1949 311 1986 et
343 1944 389 1985 in
420 1943 791 1998 inscriptionibus
821 1943 1096 1986 sufficienter
1126 1956 1386 1998 expressum
1417 1943 1474 1985 sit
1497 1958 1506 1994 ;
1539 1949 1693 1986 tamen
1723 1943 1961 1986 mandavit

265 2014 377 2056 mihi
408 2015 499 2058 Sua
532 2014 747 2057 Maiestas
782 2015 924 2070 Regia
957 2029 1091 2070 super
1125 2014 1209 2056 hac
1242 2029 1289 2056 re
1323 2015 1582 2070 diligentius
1615 2021 1661 2058 et
1696 2015 1962 2069 exquisitius
1975 2024 2016 2050 25

266 2099 467 2128 seorsum
496 2090 540 2128 et
570 2085 807 2141 speciatim
837 2100 938 2128 cum
966 2085 1289 2129 Dominatione
1316 2085 1414 2127 Tua
1441 2100 1585 2141 agere,
1614 2085 1907 2142 postulatque
1935 2100 1962 2128 a

268 2157 591 2199 Dominatione
609 2157 707 2198 Tua
726 2161 771 2198 et
791 2171 890 2198 earn
909 2158 1133 2206 hortatur,
1154 2161 1205 2198 ut
1224 2157 1261 2198 si
1280 2157 1463 2211 quando
1482 2158 1660 2199 Tartari
1678 2157 1724 2199 in
1743 2156 1961 2198 ditionem

264 2227 380 2270 Suae
411 2222 493 2269 Mtis
524 2227 824 2269 incursionem
856 2228 1001 2270 facere
1033 2227 1189 2276 velint,
1223 2227 1487 2270 Dominatio
1517 2229 1616 2271 Tua
1646 2228 1755 2270 velit
1787 2227 1827 2269 ei
1858 2242 1960 2270 cum

268 2298 481 2353 gentibus
515 2299 606 2341 suis
639 2298 858 2341 auxilium
893 2304 1137 2354 praestare,
1172 2298 1369 2340 vicissim
1403 2313 1510 2341 vero
1540 2299 1631 2342 Sua
1663 2299 1890 2348 Maiestas,
1925 2299 1960 2340 si

268 2370 452 2424 quando
469 2370 840 2411 Dominationem
858 2370 1003 2412 Tuam
1022 2375 1101 2412 aut
1121 2369 1370 2411 dominium
1389 2370 1484 2412 eius
1501 2371 1559 2412 ab
1577 2370 1743 2412 eisdem
1760 2370 1960 2412 Tartaris
1975 2378 2013 2404 30

268 2439 473 2482 infestari
498 2441 750 2497 contigerit,
777 2440 931 2482 mittet
957 2442 1095 2484 etiam
1120 2440 1160 2482 ei
1184 2440 1402 2483 auxilium
1427 2454 1482 2482 ex
1505 2441 1715 2496 gentibus
1738 2440 1842 2483 suis.

413 2510 474 2552 Et
502 2513 718 2566 quoniam
743 2511 834 2553 Sua
860 2511 1074 2554 Maiestas
1102 2511 1243 2566 Regia
1269 2512 1482 2554 Tartaros
1508 2512 1554 2554 in
1581 2512 1751 2567 campis
1777 2515 1960 2566 paratos

271 2594 378 2630 esse,
413 2585 509 2622 tam
545 2596 600 2624 ex
643 2582 968 2638 significatione
1011 2582 1348 2626 Dominationis
1390 2582 1526 2632 Tuae,
1571 2597 1709 2637 quam
1752 2583 1891 2625 etiam
1933 2596 1961 2624 a

269 2652 627 2706 speculatoribus
663 2654 754 2696 suis
792 2658 914 2696 certo
950 2654 1049 2704 scit,
1089 2653 1188 2696 ideo
1225 2654 1455 2708 praefecto
1493 2653 1723 2708 copiarum
1759 2667 1956 2702 suarum,

269 2735 382 2776 quas
412 2722 457 2763 in
486 2724 616 2765 terris
647 2724 835 2766 Russiae
865 2725 1018 2774 habet,
1050 2725 1140 2766 iam
1170 2723 1423 2773 mandavit,
1454 2728 1520 2773 ut,
1551 2723 1589 2765 si
1617 2724 1751 2765 iidem
1780 2723 1958 2766 Tartari
1973 2730 2012 2757 35

268 2790 313 2833 in
357 2797 524 2834 terram
568 2794 903 2837 Dominationis
963 2796 1052 2837 Vrae
1107 2795 1387 2843 incurrerint,
1438 2808 1544 2836 mox
1588 2794 1707 2836 idern
1751 2794 1959 2836 dominus

272 2864 529 2916 praefectus
571 2878 672 2906 cum
715 2866 924 2907 omnibus
967 2865 1105 2921 copiis
1146 2865 1458 2908 Dominationi
1499 2866 1588 2907 Vrae
1640 2865 1685 2907 in
1739 2865 1957 2907 auxilium

273 2937 453 2986 praesto
482 2934 614 2976 adsit.

414 3003 554 3052 Idem,
577 3004 790 3047 Maiestas
813 3005 904 3047 Sua
931 3019 958 3047 a
989 3007 1062 3047 Vra
1100 3006 1421 3048 Dominatione
1449 3006 1588 3061 cupit,
1617 3010 1683 3055 ut,
1712 3006 1748 3048 si
1776 3006 1955 3048 eosdem

280 3070 493 3113 Tartaros
527 3073 571 3114 in
605 3088 791 3129 regnum
830 3074 913 3117 Mtls
953 3076 1069 3118 Suae
1103 3077 1220 3119 vires
1253 3091 1357 3119 suas
1391 3081 1651 3118 convertere
1685 3076 2010 3125 constiterit,4⁰

277 3140 540 3187 Dominatio
564 3143 640 3184 Vra
676 3144 814 3186 etiam
840 3159 941 3186 cum
966 3146 1058 3187 suis
1083 3147 1221 3202 copiis
1246 3152 1291 3189 et
1315 3146 1526 3202 gentibus
1548 3146 1664 3189 Suae
1699 3141 1782 3188 Mtis
1817 3146 1950 3195 adsit,
