2209 3643
161 217 253 251 Dec.
282 212 390 266 1537}
921 218 995 252 No.
1019 227 1089 262 231
1786 228 1857 263 275

160 346 426 390 insidiarum
450 349 587 391 viam.
615 348 887 390 Pervidebat
913 349 1127 391 intrando
1151 354 1195 391 et
1220 349 1427 391 exeundo
1450 348 1581 390 binas
1605 352 1774 405 portas,
1801 363 1859 391 an

159 419 303 461 veluti
340 419 512 461 insultu
548 424 732 475 possent
771 420 883 475 capi.
926 421 1089 462 Postea
1126 435 1180 462 ex
1219 434 1320 462 arce
1358 420 1598 476 Chychow,
1637 434 1754 475 quae
1791 425 1859 462 est

159 490 457 533 Moldaviensi
503 490 815 539 subordinata,
864 491 1107 545 equitibus,
1156 491 1233 546 qui
1281 505 1413 534 mane
1448 491 1778 533 dormientibus
1812 496 1857 533 et

159 560 270 603 nihil
309 561 565 604 huiusmodi
606 561 918 603 ominantibus
957 562 1145 612 civibus,
1186 563 1396 605 custodes
1435 567 1673 618 portarurn
1713 562 1859 604 adori-

125 645 142 671 5
159 636 329 681 rentur,
375 633 656 675 trucidarent
701 647 753 674 ac
798 633 841 673 in
887 633 1074 675 civitate
1118 634 1342 675 Thomam
1388 634 1573 675 Werner
1616 634 1857 689 pellionem

158 704 360 759 aliosque
395 703 632 759 primarios
668 704 788 746 viros
825 709 1112 759 occuparent.
1152 705 1275 759 Quos
1311 719 1414 746 curn
1451 705 1549 747 vita
1585 704 1855 760 privassent,

158 775 214 818 de
235 775 423 817 caeteris
443 774 554 816 nihil
576 775 832 817 timendum
854 780 983 816 esset.
1008 776 1116 817 Tale
1137 775 1254 817 forte
1276 775 1510 818 consilium
1534 790 1561 817 a
1582 775 1855 830 quibusdam

157 845 423 889 concivibus
464 850 641 895 natum,
687 860 881 901 cumque
913 846 1141 888 Walachis
1184 847 1587 895 communicatum,
1621 851 1858 902 utcunque

156 917 356 960 innotuit
386 920 431 958 et
460 921 643 959 matura
670 918 926 972 provisione
955 917 1226 960 dissolutum
1255 922 1336 960 est.

98 999 135 1025 10
300 989 458 1030 Omnis
485 992 676 1030 conatus
705 988 843 1044 ipsius
872 988 1192 1030 Moldaviensis
1219 988 1439 1030 hactenus
1480 988 1524 1029 in
1567 988 1612 1029 id
1654 988 1855 1042 agitatus

153 1064 236 1109 est,
267 1064 318 1101 ut
350 1058 586 1102 civitatem
617 1059 701 1100 sub
731 1073 813 1101 suo
842 1060 946 1114 iugo
975 1060 1263 1114 gubernaret,
1294 1059 1505 1101 custodes
1535 1064 1770 1114 portarum
1802 1074 1853 1101 ac

152 1135 362 1181 rectores,
393 1144 508 1185 quos
537 1130 622 1187 ipsi
650 1130 827 1172 boieros
857 1136 1041 1179 vocant,
1072 1131 1359 1173 institueret:
1393 1131 1494 1172 ideo
1524 1130 1648 1172 varie
1677 1143 1854 1186 semper

152 1203 410 1256 persuadet,
439 1202 669 1257 quomodo
695 1202 846 1244 nullus
872 1202 962 1243 iam
990 1206 1105 1243 esset
1133 1202 1178 1242 in
1205 1201 1553 1250 christianitate,
1581 1215 1663 1243 nec
1689 1202 1851 1251 senior,

151 1287 233 1315 nec
256 1273 488 1329 potentior
510 1286 556 1314 se
579 1274 801 1328 princeps,
827 1273 898 1314 cui
922 1277 966 1315 et
992 1273 1204 1314 Caesares
1227 1277 1271 1314 et
1298 1273 1447 1327 Reges
1470 1272 1686 1314 honorem
1711 1272 1853 1313 defer-

99 1353 133 1379 15
150 1349 250 1387 rent
274 1358 281 1386 :
313 1345 380 1387 ita
406 1344 527 1386 enim
556 1350 757 1387 oratores
784 1344 853 1385 sui
880 1344 1143 1399 loquuntur.
1193 1344 1313 1398 Ergo
1341 1347 1386 1385 et
1414 1356 1496 1384 nos
1524 1343 1851 1393 BistricienseS‚

151 1416 228 1472 qui
249 1429 448 1458 essemus
469 1415 616 1471 pauci,
638 1429 931 1470 nequaquam
952 1415 1037 1456 sibi
1058 1415 1324 1456 deberemus
1345 1403 1577 1464 obsistere,
1599 1414 1678 1456 sed
1698 1414 1852 1469 potius

149 1488 234 1529 sub
257 1488 353 1530 alas
375 1500 482 1529 suas
504 1487 757 1543 confugere.
783 1487 854 1527 Ex
877 1486 1081 1528 omnium
1104 1490 1234 1541 parte
1256 1485 1439 1528 abunde
1460 1485 1571 1526 satis
1594 1490 1745 1541 posset
1768 1499 1852 1527 nos

149 1559 403 1608 defendere,
431 1559 712 1614 praesertim,
739 1557 775 1598 si
801 1570 906 1598 suos
932 1557 1146 1599 officiales
1171 1557 1217 1599 in
1243 1557 1480 1599 civitatem
1506 1556 1850 1612 susciperemus,

149 1631 318 1686 quippe
339 1629 416 1685 qui
436 1629 582 1672 multo
603 1628 863 1684 diligentius
882 1628 1068 1684 singulis
1087 1629 1368 1684 prospecturi
1388 1631 1552 1677 essent,
1580 1642 1718 1682 quam
1750 1641 1845 1669 nos.

92 1708 128 1734 2⁰
150 1702 270 1756 Quid
294 1701 414 1743 enirn
439 1704 521 1749 est,
538 1700 703 1756 inquit,
729 1700 853 1754 quod
873 1700 1075 1754 Joannes
1099 1713 1176 1741 rex
1201 1713 1284 1755 pro
1307 1697 1502 1741 servitiis
1527 1698 1638 1740 meis
1663 1712 1847 1741 censum

149 1772 350 1814 civitatis
391 1785 594 1813 annuum
636 1770 874 1813 donaverit
916 1785 968 1812 ac
1008 1771 1196 1813 tandem
1238 1770 1474 1812 civitatem
1515 1769 1625 1811 mihi
1666 1783 1849 1825 prorsus

149 1843 478 1898 adscripserit?
522 1843 635 1885 Cum
675 1842 866 1884 eandem
905 1855 996 1883 non
1035 1842 1230 1883 habeam
1270 1842 1315 1883 in
1355 1841 1534 1882 manu?
1579 1841 1681 1882 Non
1721 1854 1849 1883 secus

147 1919 230 1964 est,
259 1914 422 1969 inquit,
451 1928 591 1969 quam
617 1913 654 1954 si
680 1913 895 1955 donasset
922 1912 1033 1954 mihi
1060 1912 1260 1967 aquilam
1287 1913 1519 1955 sedentem
1546 1911 1591 1952 in
1618 1925 1760 1961 ramo,
1788 1912 1847 1953 ad

147 1998 286 2039 quam
329 1998 433 2026 curn
475 1983 674 2026 extendo
715 1997 901 2024 manum
945 1996 1108 2032 meam,
1152 1983 1234 2031 uti,
1279 1981 1634 2038 apprehendam,
1679 1981 1843 2024 evolat.

91 2063 129 2089 2⁵
144 2055 216 2097 Sic
251 2055 456 2111 loquitur
489 2055 614 2111 ipse;
651 2058 892 2110 propterea
938 2054 1097 2095 dicunt
1133 2058 1363 2096 oratores:
1403 2053 1661 2095 «Attendite
1696 2053 1848 2094 verbis

147 2126 323 2168 domini
359 2130 404 2168 et
441 2125 707 2168 concedite».
747 2124 928 2180 Alioqui
964 2124 1080 2166 dixit
1117 2125 1358 2166 dominus:
1398 2124 1486 2167 «Ne
1522 2123 1765 2166 confidatis
1800 2124 1845 2165 in

146 2211 276 2239 muro
301 2201 468 2247 vestro,
496 2198 555 2239 ad
580 2210 730 2252 quem,
757 2196 794 2238 si
822 2195 1068 2238 extendero
1093 2209 1280 2237 manum
1306 2209 1470 2245 meam,
1497 2195 1563 2237 ita
1588 2194 1846 2236 concutiam

145 2272 190 2310 et
222 2269 492 2323 dispergam,
532 2268 648 2309 sicut
692 2267 880 2322 paleas.»
920 2266 981 2315 Si,
1014 2266 1177 2321 inquit,
1209 2266 1368 2308 statim
1398 2281 1489 2308 non
1522 2265 1843 2315 concesseritis,

147 2338 331 2381 mittam
375 2339 564 2394 triginta
605 2338 730 2379 milia
772 2337 1007 2379 hominurn
1051 2351 1102 2378 ac
1146 2337 1204 2378 ad
1247 2350 1621 2393 unamquamque
1662 2340 1843 2391 portam

92 2416 128 2442 3⁰
146 2424 314 2464 ponam
345 2410 500 2452 decem
530 2409 668 2459 milia,
700 2408 777 2463 qui
807 2408 1043 2450 vexabunt
1073 2421 1154 2449 vos
1184 2411 1230 2449 et
1261 2407 1319 2449 ad
1349 2408 1517 2450 famem
1549 2407 1733 2461 adigent
1764 2420 1847 2448 vos

149 2485 194 2522 et
221 2480 401 2530 videbo,
431 2494 490 2522 an
517 2480 689 2535 lapides
717 2479 772 2521 de
800 2493 930 2520 muro
958 2482 1110 2520 vestro
1137 2478 1357 2520 vorabitis
1380 2480 1387 2521 !

292 2552 353 2593 Et
385 2551 645 2593 huiusmodi
678 2551 838 2599 multa,
873 2550 1002 2591 iuxta
1034 2562 1205 2590 morem
1237 2549 1382 2603 gentis
1415 2549 1532 2590 illius
1564 2548 1843 2597 barbaricae,

146 2621 338 2663 fulmina
354 2622 476 2671 iacit,
494 2635 614 2663 nunc
632 2620 922 2669 blandiendo,
941 2633 1062 2662 nunc
1079 2633 1186 2660 vero
1203 2619 1539 2661 interminando
1561 2632 1570 2668 ;
1590 2632 1680 2659 non
1699 2623 1843 2659 cessat

147 2692 269 2734 mille
290 2692 458 2747 species
480 2692 660 2742 addere,
683 2705 775 2746 quo
796 2691 1030 2733 civitatem
1053 2690 1248 2744 subigat.
1274 2690 1367 2732 Nos
1389 2704 1497 2732 vero
1518 2703 1694 2744 semper
1714 2689 1847 2730 bonis

91 2768 130 2795 ³⁵
148 2762 296 2804 verbis
321 2762 599 2804 declinamus
636 2775 933 2817 quaecunque
958 2773 1211 2816 possumus,
1250 2774 1407 2802 verum
1446 2759 1675 2801 enimvero
1712 2759 1845 2801 multi

148 2847 203 2874 ex
247 2832 421 2874 civibus
465 2834 640 2874 occulte
682 2836 835 2887 partes
889 2845 994 2873 suas
1050 2834 1205 2885 agunt,
1251 2831 1564 2872 existimantes
1607 2829 1843 2870 nobiscum

148 2903 306 2945 melius
340 2903 426 2958 agi,
461 2903 498 2944 si
537 2903 768 2958 promissis
790 2902 881 2943 suis
903 2903 1051 2944 locum
1074 2901 1296 2943 daremus.
1319 2902 1406 2943 Sed
1427 2901 1553 2942 nulla
1574 2900 1685 2942 fides
1707 2905 1773 2942 est
1797 2900 1843 2941 in

148 2973 358 3016 homine:
397 2974 507 3016 haec
543 2974 658 3024 ideo,
696 2978 746 3015 ut
784 2972 1064 3028 cognoscatis
1099 2972 1318 3026 plurimos
1354 2986 1461 3020 esse,
1500 2972 1577 3026 qui
1613 2971 1846 3026 promissis

149 3044 395 3086 illiciuntur
422 3050 668 3100 aguntque,
698 3057 815 3099 quae
842 3058 932 3085 non
961 3043 1190 3092 deberent,
1219 3057 1383 3098 nempe
1411 3042 1645 3084 domestici
1673 3042 1840 3091 hostes,

95 3121 129 3146 40
149 3128 203 3155 ex
234 3115 398 3170 quibus
427 3129 571 3170 nuper
599 3116 752 3170 palam
783 3115 892 3156 facti
922 3118 1028 3156 sunt
1058 3114 1278 3163 nonnulli,
1310 3114 1387 3169 qui
1418 3117 1462 3155 et
1494 3113 1787 3167 auffugerunt
1818 3126 1844 3154 e

150 3184 353 3235 civitate,
390 3186 570 3227 nemine
605 3186 813 3241 pellente.

1634 3272 1696 3307 18*
