2209 3643
309 213 380 247 288
1065 209 1141 243 No.
1166 219 1236 252 242
1693 203 1765 257 [10.
1789 207 1876 241 Oct.
1902 207 1998 251 1538

306 347 350 384 et
383 342 479 383 aliis
510 339 781 395 reipublicae
812 337 1159 380 necessitatibus
1191 338 1407 379 consulet.
1442 337 1575 379 Unde
1606 337 1793 379 tandem
1824 336 1999 378 nunctii

306 413 419 454 bene
449 410 642 453 consulti
672 414 717 451 et
748 408 958 450 instructi
989 408 1165 463 virique
1195 408 1254 449 ad
1284 408 1495 450 obeunda
1524 407 1706 464 publica
1735 420 1924 449 munera
1953 411 1998 449 et

306 480 645 525 constituendas
680 481 724 521 in
757 484 860 521 tuto
893 479 1016 534 regni
1048 479 1260 528 rationes,
1294 479 1443 521 idonei
1476 479 1535 521 ad
1567 483 1843 521 conventum
1875 478 2000 533 regni

304 553 555 608 generalem
594 550 950 606 proficiscantur.
993 550 1191 592 Factura
1212 550 1456 592 Fidelitate
1479 551 1578 591 Tua
1603 564 1684 605 pro
1705 549 1793 592 fide
1830 562 1913 591 sua
1951 552 1998 591 et

303 623 448 678 gratia
477 626 644 663 nostra.
2035 631 2051 656 5

448 692 703 741 Cracoviae,
738 704 776 746 7.
814 691 1024 733 Octobris
1058 692 1182 745 1538.

447 783 581 829 (Copia
600 794 759 817 coaeva.
777 782 1037 819 «Cancellaria
1057 783 1262 819 Polonica»
1281 783 1346 820 fol.
1372 794 1401 817 1.
1420 783 1587 829 Erdelyi
1602 782 1784 817 Nemzeti
1797 783 1996 823 Muzeum,

304 843 552 886 Kolozsvar.)

1099 925 1197 967 242.

750 1035 1063 1088 [Βεεῑίενεῑᾳ]
1080 1046 1148 1075 Io.
1170 1034 1360 1076 Octobris
1377 1036 1563 1088 [1538]
2015 1054 2050 1081 10

412 1125 592 1164 Senatus
628 1124 816 1163 civitatis
852 1125 1096 1163 Besztercze
1131 1123 1174 1162 in
1209 1124 1378 1174 negotio
1413 1124 1667 1175 Wolffgangi
1702 1124 1881 1162 Forster.

446 1224 473 1265 I
476 1224 729 1279 nterrogatz‘o
758 1228 796 1265 et
823 1228 1081 1278 responsum
1098 1223 1132 1277 J
1135 1224 1294 1265 oannis
1312 1223 1524 1273 Lz'tterati,
1556 1223 1773 1265 secretarii
1793 1223 1997 1265 vaivodae

302 1295 358 1336 M
361 1295 554 1337 oldaviae
587 1295 636 1336 de
669 1299 800 1337 morte
837 1294 1096 1350 Wolffgangz'
1133 1294 1306 1336 Forster
1338 1294 1387 1335 in
1420 1295 1476 1336 M
1479 1294 1650 1336 oldavia
1684 1295 1905 1346 interfecti.

450 1401 580 1443 Feria
601 1401 763 1456 quinta
788 1404 892 1456 post
919 1399 1139 1456 Dionysii.
1184 1399 1547 1455 Circumspectus
1592 1400 1790 1443 Thomas
1822 1400 1995 1449 Zewch,

303 1486 384 1527 pro
409 1472 610 1527 quadarn
636 1473 705 1514 sui
730 1471 1003 1528 purgatione
1029 1471 1234 1512 intensae
1260 1471 1478 1519 maculae,
1518 1471 1641 1526 quod
1666 1485 1744 1526 per
1774 1470 1997 1526 quosdam
2013 1491 2047 1518 15

305 1543 478 1585 dictum
499 1544 657 1585 fuisset
691 1544 840 1598 ipsum
861 1543 907 1584 in
929 1555 1064 1584 causa
1097 1541 1234 1583 fuisse
1266 1541 1387 1583 necis
1409 1542 1515 1583 olim
1536 1542 1794 1597 Volffgangi
1816 1543 1997 1584 Forster

304 1628 381 1669 per
422 1615 609 1657 Petrum
643 1614 900 1656 Moldaviae
944 1612 1216 1668 wayvodam
1251 1612 1449 1654 interimi
1490 1613 1700 1663 iussum,1
1741 1613 1996 1655 introduxit

305 1685 546 1740 Egregium
600 1685 826 1740 Joannem
883 1684 1176 1733 Litteratum‚
1227 1683 1519 1726 secretarium
1575 1684 1747 1726 domini
1801 1683 1996 1739 praefati

306 1756 639 1805 MoldaviensiS,
660 1757 738 1811 qui
761 1756 821 1798 ad
845 1755 1167 1798 conscientiam
1192 1767 1321 1796 suam
1337 1756 1483 1797 fassus
1497 1760 1580 1805 est,
1597 1760 1820 1810 tanquam
1843 1769 1995 1797 coram

305 1828 414 1877 Deo,
449 1828 591 1870 etiam
633 1828 689 1869 de
729 1827 915 1882 singulis
948 1826 1040 1868 suis
1081 1825 1230 1868 verbis
1272 1826 1494 1868 rationem
1536 1826 1818 1868 redditurus:
1864 1825 1997 1881 Quod
2010 1846 2046 1871 ρο

304 1912 538 1954 nunquam
578 1899 692 1940 tales
735 1898 911 1940 litteras
955 1896 1079 1952 apud
1122 1897 1357 1939 dominum
1403 1897 1757 1939 Moldaviensem
1801 1897 1993 1952 legisset,

304 1983 416 2024 quas
445 1970 540 2025 ipse
568 1970 767 2012 Thomas
795 1969 955 2011 Zewch
975 1969 1167 2010 scribere
1195 1968 1399 2018 fecisset;
1431 1972 1481 2009 ut
1511 1972 1726 2023 rogasset,
1749 1968 1822 2009 vel
1843 1968 1997 2022 aliquo

304 2041 438 2082 modo
486 2041 725 2082 traditorio
772 2040 1056 2083 occasionem
1103 2039 1300 2082 dedisset
1348 2039 1407 2080 ad
1452 2053 1608 2081 necem
1645 2038 1762 2080 illius
1803 2038 1996 2080 condam

304 2111 560 2166 Volffgangi
598 2112 793 2160 Forster,
821 2124 957 2166 quem
984 2110 1194 2153 dominus
1220 2109 1539 2152 Moldaviensis
1565 2109 1761 2151 interimi
1787 2109 1963 2152 fecisset
1985 2123 1994 2159 ;

305 2183 383 2224 sed
412 2196 559 2237 neque
590 2182 646 2224 de
676 2182 758 2224 tali
788 2197 835 2224 re
866 2195 1070 2237 unquam
1102 2195 1128 2223 a
1159 2181 1289 2222 bonis
1320 2180 1579 2223 hominibus
1611 2180 1885 2231 audivisset;
1918 2180 1997 2222 sed
2012 2199 2048 2226 25

305 2253 611 2307 postmodum,
661 2267 764 2295 cum
813 2253 1023 2295 dominus
1071 2253 1231 2294 Petrus
1278 2252 1503 2308 wayvoda
1549 2251 1882 2301 Moldaviensis‚
1931 2251 1997 2293 ira

305 2331 559 2367 commotus
589 2324 747 2366 fuisset
777 2338 882 2380 erga
910 2324 1105 2366 eundem
1134 2323 1357 2365 Thomam
1387 2323 1559 2372 Zewch,
1589 2326 1842 2378 propterea,
1874 2322 1997 2377 quod

305 2395 521 2438 noluisset
539 2394 598 2437 ad
615 2408 661 2436 se
678 2395 846 2445 venire,
866 2400 986 2437 certe
1003 2399 1154 2450 posset
1173 2394 1305 2436 fateri
1327 2408 1334 2436 :
1355 2394 1645 2449 quicquidem
1664 2393 1873 2435 dominus
1889 2406 1997 2434 suus

305 2480 360 2508 ex
395 2467 460 2508 ira
494 2480 577 2508 sua
611 2479 715 2520 erga
749 2466 943 2508 eundem
978 2466 1202 2509 Thomam
1238 2464 1396 2506 habita
1431 2470 1590 2507 contra
1624 2464 1773 2519 ipsum
1807 2463 1999 2505 scribere

306 2537 520 2586 iussisset,
539 2537 788 2592 scripsisset
810 2552 818 2588 ;
838 2537 1054 2593 quoniam
1072 2537 1117 2579 in
1134 2539 1318 2578 tantum
1335 2549 1469 2591 super
1485 2550 1537 2578 eo
1554 2538 1808 2577 commotus
1825 2535 1996 2584 fuisset,
2014 2554 2049 2580 30

306 2611 357 2649 ut
378 2608 520 2650 indies
550 2608 674 2649 vitae
696 2621 803 2649 suae
827 2608 1076 2663 periculum
1097 2607 1380 2663 quesivisset,
1409 2620 1501 2648 non
1520 2606 1680 2655 solum,
1703 2606 1739 2647 si
1760 2605 1996 2659 potuisset,

307 2692 385 2732 per
405 2679 681 2720 Litteratum
703 2678 852 2733 ipsum
873 2678 1156 2734 perdidisset,
1179 2691 1339 2720 verum
1360 2677 1499 2719 etiarn
1521 2691 1599 2732 per
1620 2688 1774 2718 omnes
1795 2676 1998 2718 homines

306 2762 423 2798 suos,
440 2754 536 2791 tam
553 2749 758 2804 boyeros,
777 2764 916 2804 quarn
934 2750 1177 2791 familiares
1195 2749 1318 2797 alios
1337 2749 1446 2789 item
1464 2748 1709 2803 episcopos
1728 2746 1997 2796 sacerdotes,

308 2820 576 2862 castellanos
595 2824 845 2862 castrorum
865 2834 1064 2869 suorum,
1084 2834 1163 2875 per
1182 2833 1362 2861 omnem
1381 2819 1567 2860 modum
1586 2830 1769 2873 operam
1787 2817 1999 2866 dedisset,

307 2890 343 2930 si
368 2904 457 2944 quo
482 2890 618 2932 modo
642 2890 984 2932 interficeretur.
1013 2890 1146 2945 Quod
1184 2904 1287 2932 cum
1324 2889 1476 2944 perfici
1512 2902 1602 2930 non
1638 2888 1875 2943 potuisset,
1902 2901 1999 2942 per-
2014 2907 2051 2933 35

309 2960 484 3013 quisitis
517 2960 726 3002 omnibus
759 2960 885 3010 dolis,
920 2966 1016 3003 tam
1050 2975 1128 3015 per
1159 2966 1307 3003 totam
1341 2959 1630 3001 Germaniam
1663 2972 1714 3000 ac
1748 2958 1996 3007 Poloniam,

308 3029 472 3083 quibus
503 3031 653 3085 aliquo
685 3031 812 3085 perdi
843 3036 1010 3086 posset,
1045 3031 1231 3073 tandem
1264 3031 1402 3072 etiam
1435 3029 1474 3070 V
1477 3029 1648 3070 enetias
1680 3043 1760 3084 pro
1792 3029 1999 3070 acconito

449 3179 462 3199 1
487 3179 587 3213 Vide
613 3180 898 3214 documentum
923 3184 1100 3218 anterius
1125 3181 1241 3215 huius
1267 3179 1416 3224 negotii
1441 3180 1515 3214 sub
1542 3179 1615 3213 No.
1645 3192 1728 3226 234.
