2209 3643
199 188 260 224 ²7·
286 178 376 224 Jan.
402 173 513 228 1529]
890 179 965 215 No.
991 182 1190 226 135—136
1822 191 1893 226 175

996 332 1094 374 135.

629 440 822 494 [Wiln0,
867 441 998 483 initio
1041 442 1260 496 Januarii
1303 443 1461 497 1529]

195 530 487 582 Sigismundus
523 531 556 570 Ι.
594 544 668 571 rex
705 531 903 571 Poloniae
938 532 1127 586 [Nicolao
1159 533 1348 572 Tomicki
1375 533 1604 573 castellano
1631 532 1892 586 Gnesnensi.]

339 629 454 671 Pars
469 630 666 672 secretior
679 630 906 685 legationis
921 645 947 673 a
963 646 1053 686 rege
1061 632 1197 674 missa
1213 633 1269 674 ad
1284 637 1537 674 conventum
1552 633 1671 687 regni
1681 633 1894 674 Poloniae

167 724 183 750 5
195 700 433 755 generalem
465 701 795 743 Varsoviensem
822 702 872 743 de
900 702 1024 744 rebus
1058 703 1319 746 Valacliicis.

343 805 461 862 Quia
481 806 622 848 etiam
652 821 755 849 cum
785 808 959 850 nuntiis
988 809 1239 851 voievodae
1268 809 1527 858 Valachiae,
1559 809 1637 864 qui
1666 810 1737 852 hic
1767 809 1892 864 apud

197 889 279 918 nos
315 877 514 926 fuerunt,
553 878 874 921 constituimus
910 883 1187 922 conventum
1225 894 1306 935 pro
1343 881 1498 922 futuro
1535 885 1739 936 tempore
1775 880 1894 922 veris

198 947 289 989 cito
309 952 412 1003 post
434 949 551 990 festa
569 949 724 991 Sancti
746 950 982 992 Paschatis
1003 951 1185 1006 insuper
1205 951 1377 993 iniuriis
1398 956 1442 993 et
1464 951 1643 994 damnis
1663 952 1768 993 hinc
1788 951 1893 993 inde

197 1018 335 1060 illatis
356 1019 688 1069 celebrandum,
712 1021 771 1062 ad
792 1035 927 1076 quern
950 1026 1081 1076 optat
1103 1022 1348 1076 palatinus,
1371 1026 1422 1064 ut
1444 1022 1620 1077 aliquos
1641 1023 1892 1077 designare-

145 1103 180 1128 10
197 1102 312 1138 mus,
352 1090 430 1145 qui
467 1091 641 1132 nullum
679 1091 893 1134 interesse
931 1093 1150 1134 haberent
1189 1093 1248 1134 ad
1285 1093 1468 1148 negotia
1504 1094 1594 1143 illa,
1634 1094 1689 1135 de
1727 1093 1894 1148 quibus

197 1159 414 1203 iudicium
442 1161 537 1203 fieri
565 1162 716 1211 debet,
746 1176 853 1204 nam
882 1167 927 1204 et
956 1177 1002 1205 se
1031 1177 1122 1205 non
1151 1164 1379 1207 absimiles
1407 1165 1452 1206 in
1481 1178 1583 1206 eum
1613 1168 1892 1207 conventum

197 1230 379 1274 mittere
409 1232 660 1287 pollicetur,
692 1233 748 1275 de
779 1247 884 1288 quo,
916 1239 968 1276 ut
1000 1234 1240 1276 consiliarii
1270 1249 1452 1291 quoque
1482 1236 1625 1278 nostri
1656 1235 1890 1277 conferant

197 1307 242 1345 et
270 1303 400 1345 nobis
427 1307 685 1358 suggerant,
715 1304 815 1359 quis
843 1304 1074 1347 videretur
1102 1306 1160 1347 ad
1187 1320 1287 1347 eam
1315 1320 1409 1348 rem
1436 1307 1580 1362 magis
1608 1310 1893 1362 opportunus

197 1378 243 1416 et
270 1374 459 1416 idoneus
479 1388 488 1424 ;
518 1378 603 1416 etc.

146 1481 182 1507 15
636 1469 752 1513 (Aeta
780 1470 1012 1505 Tomiciana
1040 1471 1118 1506 vol.
1151 1472 1224 1506 XI.
1255 1483 1343 1518 pag.
1378 1472 1452 1517 11.)

995 1623 1092 1665 136.

671 1731 921 1781 Kolozsvar,
949 1744 1017 1786 27.
1044 1732 1079 1785 J
1081 1732 1263 1773 anuarii
1287 1744 1414 1787 1529.

198 1819 396 1860 Nicolaus
409 1820 590 1860 Gerendi
610 1821 832 1872 episcopus
852 1822 1172 1872 Transylvanus
1184 1846 1239 1850 —
1251 1823 1438 1862 Thomae
1455 1824 1673 1863 Szalahazi
1693 1826 1889 1878 episcopo

616 1881 818 1931 Agriensi,
852 1881 1099 1920 cancellario
1130 1882 1245 1933 regni
1277 1883 1531 1934 Hungariae.

143 2003 182 2029 20
339 1978 486 2020 Radul
518 1979 702 2021 vaivoda
736 1980 1007 2031 interficitur.
1044 1979 1156 2022 Cum
1178 1995 1326 2023 rumor
1359 1982 1688 2035 circumferatur
1724 1984 1889 2026 Turcas

197 2063 295 2090 cum
333 2049 537 2092 Valachis
558 2050 786 2099 invasisse,
812 2051 1170 2092 Temesvarinum
1189 2052 1430 2102 obsessisse,
1467 2054 1592 2095 enixe
1624 2056 1890 2098 commendat

197 2134 295 2161 cum
318 2120 353 2174 J
355 2134 494 2163 oanne
519 2121 757 2177 Szapolyai
781 2122 923 2163 adlzuc
948 2122 1026 2163 liae
1051 2122 1189 2163 liieme
1213 2123 1458 2174 finiendum
1483 2138 1585 2166 esse.

342 2227 454 2269 Cum
494 2232 648 2269 autem
687 2228 885 2270 secunda
920 2229 1128 2283 Januarii
1167 2229 1474 2272 crudelissima
1512 2236 1659 2273 morte
1698 2233 1756 2274 ab
1794 2234 1888 2275 suis

196 2296 255 2339 sit
271 2297 418 2339 Radul
439 2298 766 2354 Transalpinus
787 2299 971 2349 occisus,
994 2299 1146 2341 omnia
1165 2300 1254 2341 ista
1273 2300 1611 2344 invalescebant
1632 2307 1677 2344 et
1698 2304 1888 2359 quisque

143 2391 180 2419 25
195 2367 280 2409 sibi
303 2368 489 2418 timebat,
516 2383 619 2411 eum
644 2374 741 2411 tarn
767 2370 877 2412 illud
900 2384 1077 2425 regnum
1100 2370 1282 2425 penitus
1307 2371 1365 2413 ad
1389 2372 1615 2415 vaivodam
1639 2378 1684 2416 et
1709 2380 1886 2429 patrem

195 2438 290 2480 eius
311 2439 532 2482 diabolum
554 2440 718 2482 devolvi
739 2441 982 2490 timeamus,
1009 2446 1131 2482 certo
1154 2442 1319 2483 certius
1341 2447 1574 2497 praeterea
1597 2444 1887 2500 intelligimus

195 2513 241 2551 et
266 2509 351 2551 hoc
375 2524 431 2552 ex
455 2511 640 2553 consilio
659 2512 862 2567 Zapolai,
890 2512 1013 2567 quod
1038 2516 1222 2553 tantum
1247 2517 1298 2554 ut
1323 2527 1393 2554 ver
1417 2514 1695 2570 intempescat
1722 2516 1888 2559 Turcae

195 2585 462 2635 exspectant
495 2595 694 2637 moxque
727 2587 873 2624 contra
906 2597 985 2625 nos
1018 2583 1310 2625 transvenient
1342 2597 1540 2626 unacum
1578 2586 1796 2638 Valachis,
1832 2602 1889 2630 ne

195 2650 312 2693 forte
330 2651 534 2707 utrisque
552 2658 658 2695 sunt
678 2667 853 2695 menses
873 2653 1066 2708 amplius
1085 2658 1188 2703 tres,
1210 2654 1333 2708 quod
1351 2655 1520 2710 scripsi,
1542 2656 1609 2698 ita
1627 2671 1721 2699 esse
1739 2659 1887 2713 provi-

142 2744 181 2772 30
195 2720 409 2771 dendum,
427 2727 478 2764 ut
495 2737 766 2779 quocunque
782 2725 876 2766 fieri
892 2729 1042 2779 posset
1059 2724 1143 2766 hac
1159 2724 1305 2766 hieme
1318 2725 1551 2779 Johannes
1567 2728 1800 2770 tolleretur
1816 2764 1825 2772 .
1847 2765 1854 2771 .
1876 2764 1885 2772 .

197 2791 405 2848 Tempore
433 2794 600 2836 mitiori
630 2799 701 2837 tot
734 2795 899 2837 Turcas
930 2800 974 2837 et
1010 2795 1218 2837 Volachos
1246 2795 1281 2849 J
1283 2796 1474 2838 ohannes
1503 2797 1683 2849 habebit,
1715 2804 1766 2841 ut
1796 2814 1887 2842 non

195 2875 299 2904 cum
322 2864 582 2918 particulari
606 2866 789 2907 exercitu
813 2866 906 2908 tolli
929 2866 1071 2920 possit
1097 2870 1141 2907 et
1166 2865 1319 2908 subito
1341 2867 1440 2909 totis
1463 2868 1629 2911 viribus
1652 2870 1698 2912 in
1725 2871 1887 2913 Trans—

195 2932 430 2976 silvaniam
459 2934 649 2978 intrabit
680 2941 725 2978 et
755 2937 985 2978 verendum
1014 2941 1096 2985 est,
1129 2936 1165 2977 si
1194 2936 1273 2986 ita,
1305 2941 1357 2979 ut
1387 2937 1608 2981 hactenus
1637 2954 1706 2982 res
1735 2955 1888 2996 proce-

196 3002 319 3053 dent,
342 3018 396 3046 ne
416 3006 650 3060 perdamus
667 3020 684 3054 ,·
707 3008 872 3049 amissa
894 3011 1142 3062 recuperare
1165 3007 1248 3048 erit
1271 3007 1510 3058 difficilius,
1535 3024 1675 3064 quam
1699 3012 1889 3054 Turcam

141 3084 179 3110 35
196 3085 298 3114 cum
337 3075 546 3117 omnibus
586 3077 751 3119 viribus
791 3077 836 3118 in
875 3082 1061 3133 persona
1101 3077 1343 3132 profligare.
1382 3079 1475 3121 Scit
1516 3080 1601 3123 hoc
1637 3082 1883 3136 Johannes,

195 3143 388 3197 sapienti
409 3145 518 3188 satis
539 3160 549 3197 ;
572 3147 708 3189 facite
729 3148 851 3202 quod
873 3148 1027 3197 vultis,
1050 3147 1128 3189 sed
1150 3147 1195 3188 in
1217 3152 1420 3204 tempore
1440 3184 1449 3191 .
1474 3184 1481 3191 .
1506 3184 1514 3192 .
1538 3151 1722 3195 Summa
1743 3168 1889 3196 rerum

1912 2257 1941 2278 2.
1962 2249 2035 2288 Jan,
