2209 3643
267 219 336 254 152
1021 201 1095 235 No.
1122 212 1190 245 114
1633 194 1706 249 [24.
1729 199 1832 234 Nov.
1861 208 1954 244 1527

409 338 602 380 Vidente
635 334 795 376 nuntio
829 337 984 374 nostro
1020 331 1182 373 Caesar
1213 330 1463 372 Turcarum
1497 329 1618 371 misse
1650 330 1842 371 canthar
1869 328 1954 370 sal-

263 410 371 452 nitri
398 407 582 450 Venetis
609 406 749 454 dedit,
779 418 895 458 quae
923 402 1075 444 omnia
1101 405 1343 456 propterea
1376 394 1442 442 Mti
1474 401 1563 441 Vrae
1590 400 1951 455 significavimus,

265 485 317 522 ut
341 479 554 521 Maiestas
577 477 616 517 V
619 478 648 494 ‘³
673 476 728 517 de
752 475 820 515 his
855 474 1122 516 Caesaream
1163 485 1345 527 quoque
1380 470 1483 513 Mtf'm
1508 471 1873 526 potentissimum
1908 475 1953 512 et

265 550 544 592 carissimum
581 560 713 588 suum
750 546 937 586 fratrem
974 543 1160 585 reddere
1195 543 1333 584 vellet
1370 542 1619 591 certiorem,
1658 547 1709 583 ut
1746 541 1954 583 Maiestas

260 621 352 663 Sua
384 620 600 661 Caesarea
632 616 800 658 auxilio
831 615 916 657 Dei
945 619 1098 670 posset
1130 627 1176 655 se
1207 619 1252 656 et
1285 613 1666 655 christianitatem
1698 613 1756 654 ab
1788 611 1955 654 insidiis
1992 623 2008 648 5

264 692 541 733 Venetorum
570 688 688 729 tueri
715 691 760 728 et
789 686 1043 728 defendere.

412 761 602 814 Insuper
630 758 793 799 Veneti
821 761 1094 812 perpetuum
1123 755 1294 797 habent
1324 759 1550 796 oratorem
1580 753 1703 809 apud
1743 754 1954 802 Turcam,

265 831 414 873 medio
452 830 577 872 cuius
615 829 700 884 ipsi
736 829 883 870 Turco
921 827 1073 869 omnia
1111 825 1455 869 christianitatis
1492 825 1674 880 negotia
1713 824 1957 880 significare

264 903 422 945 solent.

410 971 612 1014 Oratoris
643 984 808 1012 nomen
841 974 907 1011 est
941 969 1145 1024 Baylos‚1
1169 967 1247 1023 qui
1277 967 1519 1023 plusquam
1542 971 1634 1008 tres
1665 980 1803 1008 annos
1835 964 1957 1020 apud
1974 978 2009 1004 10

267 1045 461 1085 Turcam
494 1042 686 1084 oratoris
719 1041 813 1096 agit
847 1040 1061 1082 officium.
1415 1032 1417 1035 ’

416 1114 541 1155 Inter
560 1119 652 1156 tres
671 1111 937 1168 praecipuos
957 1109 1231 1152 consiliarios
1251 1110 1500 1151 Turcarum
1520 1108 1557 1149 is
1576 1108 1744 1163 Baylos
1763 1108 1961 1149 Venetus

268 1190 335 1227 est
366 1189 558 1239 quartus
588 1189 633 1226 et
665 1183 922 1231 continuus,
955 1181 1034 1236 qui
1064 1195 1230 1236 magno
1260 1194 1287 1221 a
1316 1180 1463 1221 Turco
1493 1179 1691 1220 afficitur
1719 1179 1885 1221 honore
1915 1181 1961 1219 et

270 1270 372 1298 cum
418 1255 648 1297 inducitur
690 1254 749 1296 ad
792 1254 979 1295 Portam
1023 1257 1067 1294 et
1111 1266 1214 1294 cum
1257 1251 1477 1299 educitur,
1522 1264 1602 1305 per
1643 1250 1964 1305 propriumque

270 1340 438 1382 equum
465 1326 667 1368 Caesaris
692 1325 886 1367 vehitur.
1977 1333 2012 1359 15

631 1430 857 1475 (Originale.
879 1430 1167 1469 Staatsarchiv,
1192 1429 1318 1463 Wien.
1341 1428 1600 1472 Hungarica.)

1070 1576 1168 1634 114„

776 1705 928 1754 hwo'w,
955 1716 1024 1758 24.
1052 1703 1307 1745 Novembris
1333 1714 1458 1756 1527.

273 1797 519 1835 Franciscus
549 1796 600 1835 de
630 1794 978 1846 Frangepanibus
1007 1798 1049 1833 et
1077 1793 1318 1844 Stephanus
1347 1791 1566 1830 Broderics
1592 1790 1827 1829 Sirmiensis
1869 1790 1962 1828 Fer-

810 1854 996 1892 dinando
1018 1853 1050 1892 Ι.
1073 1852 1158 1903 regi
1180 1851 1433 1902 Hungariae.
1980 1864 2016 1890 20

420 1954 594 1995 Nuntia
624 1966 673 1994 ex
702 1953 758 1994 M
761 1952 930 1994 oldavia
959 1951 1010 1992 de
1038 1950 1155 1992 clade
1186 1950 1430 1991 Turcarum
1471 1953 1508 1990 et
1546 1949 1696 2001 jutura
1725 1947 1964 1989 invasione.

422 2060 668 2102 Marsalcus
702 2059 826 2114 regni
862 2058 1074 2100 Poloniae
1108 2057 1195 2099 fuit
1230 2057 1299 2098 his
1333 2056 1492 2098 diebus
1527 2055 1649 2111 apud
1684 2068 1777 2097 nos.
1818 2053 1969 2096 Rediit

279 2145 334 2172 ex
363 2131 604 2179 Moldavia,
637 2145 727 2185 quo
756 2144 859 2172 eum
890 2130 1104 2171 Maiestas
1135 2128 1275 2183 Regia
1304 2128 1500 2169 miserat.
1535 2127 1579 2168 Is
1608 2126 1738 2168 nobis
1767 2125 1969 2167 narravit

280 2215 325 2243 se
359 2216 460 2242 cum
494 2202 539 2243 in
572 2201 801 2243 Moldavia
834 2205 963 2249 esset,
1000 2214 1080 2255 pro
1115 2204 1237 2241 certo
1282 2198 1552 2240 intellexisse
1586 2197 1738 2252 copias
1772 2195 1971 2238 Caesaris

280 2273 541 2321 Turearum,
576 2286 688 2326 quas
721 2276 879 2314 contra
908 2271 1062 2326 Sophii
1093 2274 1138 2311 et
1171 2274 1329 2312 contra
1361 2268 1635 2323 Georgianos
1678 2268 1860 2308 miserat
1905 2264 1969 2308 Lta
1984 2278 2021 2304 25

282 2343 515 2384 hominum
550 2343 688 2384 millia
722 2343 790 2384 bis
825 2355 918 2383 esse
950 2341 1227 2397 profligatas,
1263 2340 1376 2382 duce
1412 2339 1581 2381 lbraim
1615 2339 1776 2388 bassa;
1813 2350 1971 2393 parare

281 2418 436 2454 tamen
475 2413 708 2455 Caesarem
748 2414 793 2454 in
831 2427 1002 2454 annum
1040 2412 1297 2467 proximum
1335 2410 1584 2452 maximam
1622 2408 1968 2464 expeditionem.

283 2484 493 2526 Nescitur
526 2489 683 2526 contra
717 2498 866 2538 quem,
903 2488 1095 2538 putatur
1129 2483 1187 2524 ab
1221 2482 1447 2536 aliquibus
1482 2485 1640 2522 contra
1674 2478 1968 2534 Hungariarn.

283 2555 416 2608 Quod
442 2568 531 2595 non
559 2560 626 2596 est
655 2569 762 2596 vero
789 2554 1005 2596 absimile.

430 2625 499 2665 Ex
529 2626 725 2680 Leopoli,
757 2638 823 2678 24.
857 2624 1128 2666 Novembris
1158 2634 1281 2678 1527.
1985 2631 2021 2656 30

638 2730 862 2774 (Originale.
895 2730 1182 2769 staatsarchiv,
1219 2729 1343 2762 Wien.
1379 2726 1637 2773 Hungarica.)

434 2893 447 2914 1
468 2894 555 2927 Hoc
575 2905 654 2927 non
675 2898 734 2928 est
755 2906 910 2934 nomen,
933 2895 1000 2929 sed
1022 2894 1164 2928 titulus
1184 2894 1415 2927 nuntiorum
1435 2894 1596 2926 senatus
1617 2889 1759 2924 Veneti
1778 2889 1968 2923 Constan-

287 2951 526 2995 tantinopoli
546 2953 785 2996 degentium.
