2209 3643
100 3051 130 3078 ὁ.
158 3050 242 3078 Febr.

280 191 355 223 206
983 185 1059 219 No.
1085 187 1278 229 164—165
1697 182 1745 236 [9.
1766 188 1857 233 Jan.
1882 198 1978 233 1530

1084 336 1184 378 164.

772 446 984 500 Pozsmzy,
1020 459 1059 500 9.
1094 446 1315 499 Ianuarii
1348 459 1475 500 1530.

479 537 722 588 Stephanus
749 536 1019 587 Pemfflinger
1045 536 1313 575 Ferdinando
1339 537 1371 576 I.
1400 537 1485 588 regi
1512 538 1766 588 Hungariae.

424 635 643 677 Vaivodae
673 634 928 676 Moldaviae
961 639 997 676 et
1033 635 1268 677 Valachiae
1299 640 1360 677 ter
1391 636 1663 678 invasionem
1705 637 1896 694 fecerant
1938 643 1976 681 et

277 707 415 748 solum
436 706 599 760 ingenti
620 705 757 761 pretio
779 719 823 747 se
844 706 896 747 ab
918 706 1009 747 illis
1034 706 1331 760 Transylvani
1351 706 1532 748 liberare
1553 711 1796 762 potuerant.
2011 724 2029 749 5

417 813 555 854 Mitto
587 812 656 854 his
689 812 1004 867 praesentibus
1037 813 1233 854 inclusas
1266 813 1442 855 litteras
1475 814 1712 868 quasdam,
1746 828 1863 869 quae
1894 829 1975 870 per

274 884 506 940 proprium
533 883 748 925 nuntium
776 883 938 925 missae
965 888 1071 926 sunt
1099 884 1356 938 nuperrime
1383 898 1438 926 ex
1467 884 1655 934 Cibinio,
1685 885 1763 939 qui
1789 885 1973 940 quidem

272 955 459 997 nuntius
498 954 698 996 habebat
750 954 795 995 in
847 954 1110 1003 commissis,
1158 959 1209 996 ut
1248 955 1545 1010 personaliter
1597 955 1828 998 accederet
1868 954 1973 998 Mtem

272 1027 397 1075 Vs³¹¹¹;
430 1030 585 1067 tamen
624 1039 705 1080 ego
743 1025 967 1080 putabam
1004 1039 1096 1067 non
1135 1025 1229 1067 fore
1255 1025 1570 1075 necessarium,
1598 1026 1738 1068 immo
1764 1027 1973 1069 conduci-

271 1097 418 1145 bilius,
454 1101 505 1137 ut
541 1096 613 1137 hic
648 1101 932 1150 exspectaret
979 1110 1245 1151 responsum
1292 1110 1318 1137 a
1352 1094 1428 1138 Mte
1473 1097 1545 1137 Vra
1587 1111 1667 1151 per
1700 1097 1904 1140 litteras.
1929 1112 2023 1140 ..10

272 1167 446 1209 Habuit
467 1171 511 1208 et
533 1167 578 1208 in
597 1167 828 1208 mandatis
847 1167 957 1209 haec
989 1167 1086 1222 ipsa
1117 1171 1328 1209 oretenus
1358 1167 1520 1209 referre
1539 1161 1608 1209 Mti
1639 1168 1728 1209 Vrae
1752 1167 1971 1223 inprimis,

272 1238 394 1292 quod
438 1242 630 1292 uterque
676 1237 875 1280 vaivoda
897 1251 904 1279 1
953 1242 997 1280 et
1045 1238 1300 1287 Moldavus,
1347 1242 1392 1280 et
1439 1238 1776 1293 Transalpinus,
1824 1239 1971 1281 tribus

272 1309 445 1350 vicibus
480 1308 666 1362 ingressi
699 1313 807 1350 sunt
842 1309 1252 1350 Transsilvaniam1
1279 1308 1431 1363 ibique
1464 1323 1555 1350 non
1590 1309 1768 1351 modica
1802 1309 1970 1351 damna

271 1380 488 1428 fecerunt,
513 1379 709 1421 finaliter
731 1379 919 1421 tandem
942 1380 1030 1421 isto
1052 1380 1215 1421 nuntio
1237 1379 1493 1434 egrediente
1515 1393 1606 1435 pax
1628 1380 1752 1421 facta
1774 1384 1841 1422 est
1865 1394 1968 1422 cum

271 1451 367 1505 ipso
407 1450 705 1505 Transalpino
746 1465 825 1506 per
866 1451 1250 1492 contributionem
1291 1464 1494 1492 summae
1535 1450 1785 1500 cuiusdam,
1828 1465 1967 1505 quam
1982 1466 2017 1493 15

271 1521 354 1576 ipsi
378 1521 687 1563 Transsilvani
711 1521 858 1563 eidem
883 1526 1253 1570 muneraverunt,
1280 1535 1372 1576 quo
1393 1521 1505 1563 nihil
1536 1521 1700 1563 certius
1725 1535 1818 1563 esse
1833 1522 1964 1571 dicit;

271 1606 375 1633 nam
391 1596 434 1634 et
455 1592 549 1646 ipse
569 1591 685 1634 vidit
707 1593 893 1634 Petrum
909 1592 1103 1634 Gerendi
1117 1592 1480 1647 proficiscentem
1499 1592 1559 1634 ad
1576 1592 1966 1647 Transalpinum‚2

270 1677 403 1717 quem
427 1663 737 1704 Transsilvani
762 1663 821 1704 ad
846 1663 995 1718 ipsum
1020 1663 1362 1718 expediverant.
1386 1663 1453 1705 De
1474 1662 1707 1705 Moldavo3
1723 1662 1835 1704 nihil
1854 1663 1964 1705 certi

270 1734 342 1782 sit,
372 1734 450 1776 sed
476 1739 631 1776 tamen
660 1734 838 1775 audivit
866 1734 1020 1782 etiam,
1050 1747 1144 1776 esse
1172 1748 1275 1775 cum
1302 1733 1399 1788 ipso
1426 1734 1471 1775 in
1499 1733 1800 1783 tractatibus;
1829 1738 1914 1776 etc.

414 1805 587 1846 Datum
615 1804 809 1853 Posonii,
838 1816 877 1860 9.
902 1805 1123 1859 Januarii.
1152 1805 1285 1846 Anno
1311 1803 1494 1846 Domini
1523 1816 1647 1858 1530.
1976 1821 2014 1846 20

406 1899 632 1943 (Originale.
649 1899 937 1938 Staatsarchiv,
961 1899 1087 1933 Wien.
1117 1898 1359 1943 Hungarica.
1390 1898 1550 1933 Edidit:
1575 1899 1723 1933 Archiv
1743 1900 1812 1934 des
1830 1899 1962 1934 Verei-

269 1969 337 1992 nes
366 1959 429 1992 fiir
459 1958 806 2003 siebenbiirgische
838 1958 1132 1993 Landeskunde
1160 1958 1238 1992 vol.
1266 1958 1323 1992 28.
1349 1969 1438 2003 pag.
1463 1958 1551 2002 468)

1076 2109 1175 2150 165.

777 2220 1069 2275 Nagyszeben,
1090 2231 1158 2272 15.
1179 2220 1303 2261 Maii
1321 2231 1448 2272 1530.

324 2308 511 2360 Magistri
538 2310 695 2349 civium
715 2310 886 2361 Septem
918 2310 1090 2349 Sedium
1121 2310 1435 2349 Saxonicalium
1458 2310 1725 2348 Ferdinando
1747 2310 1779 2349 Ι.
1807 2310 1903 2361 regi.
1973 2327 2011 2354 25

411 2409 464 2450 Si
487 2409 580 2450 cias
595 2410 745 2465 copias
766 2410 1063 2451 auxiliatrices
1086 2410 1362 2464 accepissent,
1388 2410 1444 2451 M
1446 2409 1588 2451 oldavi
1603 2413 1640 2451 et
1667 2409 1850 2451 Valaclii
1872 2422 1960 2451 non

268 2479 428 2520 intrare
467 2480 566 2521 ausi
606 2485 754 2522 essent.
815 2481 956 2535 Quare
994 2481 1150 2522 iterum
1189 2484 1312 2535 atqiie
1350 2480 1505 2522 iterum
1544 2494 1587 2522 se
1625 2480 1719 2522 eius
1757 2494 1884 2522 curae
1923 2483 1961 2521 et

266 2550 506 2604 patrocinio
534 2552 844 2593 commendant.

409 2657 533 2698 Serme
551 2658 651 2699 Rex
668 2662 712 2699 et
730 2657 925 2706 domine,
943 2657 1124 2699 domine
1141 2661 1295 2698 noster
1311 2656 1532 2698 naturalis
1549 2669 1600 2698 ac
1621 2655 1955 2710 gratiosissime,

413 2728 521 2769 Post
546 2728 779 2769 fidelitatis
804 2733 986 2770 nostrae
1012 2727 1331 2769 constantiam.
1969 2751 2006 2777 30

410 2797 542 2839 Ultra
566 2798 752 2840 nuntios
777 2799 995 2853 plurimos
1021 2798 1066 2838 in
1092 2797 1161 2839 his
1188 2797 1391 2839 cladibus
1417 2796 1643 2838 continuis
1669 2795 1759 2836 iam
1785 2809 1957 2838 annum

266 2867 484 2920 perpessis
536 2868 595 2909 ad
640 2869 741 2910 Vram
779 2869 936 2910 Sermam
982 2866 1086 2910 Mtem
1141 2868 1313 2916 missos,
1356 2866 1560 2907 misimus
1601 2865 1776 2920 pridem
1817 2866 1956 2908 etiam

416 2985 424 3005 ¹
450 2985 596 3020 Fontes
617 2986 743 3021 nostri
763 2990 1005 3021 annotatum
1025 2985 1194 3019 habent:
1217 2995 1324 3029 1530.
1348 2983 1422 3017 Die
1434 2983 1471 3017 S.
1488 2983 1715 3017 Dorotheae
1735 2994 1759 3017 a
1780 2983 1956 3018 vaivoda

268 3041 493 3076 Moldaviae
511 3043 551 3076 in
572 3047 773 3078 certarnen
794 3045 928 3079 vocati
954 3054 1091 3079 sumus
1117 3043 1309 3077 adversus
1337 3041 1610 3076 Bistricienses
1628 3052 1636 3082 ;
1666 3052 1737 3076 nos
1758 3042 1950 3082 iissemus,

270 3100 336 3132 sed
361 3110 454 3133 mox
478 3102 612 3145 pacati
636 3106 741 3137 sunt.
772 3103 1027 3146 (Tortenelmi
1051 3101 1139 3141 Tar,
1172 3102 1279 3135 1880.
1306 3111 1396 3145 pag.
1423 3101 1524 3144 634.)
1967 3126 2005 3152 35

408 3158 422 3178 2
442 3158 576 3193 Moise.
728 3162 742 3182 3
763 3162 901 3208 Rares.
