2209 3643
334 206 384 238 90
1104 189 1179 223 No.
1202 191 1250 230 69
1702 182 1776 237 [24.
1806 187 1895 232 Jan.
1930 188 2025 232 1508

331 332 488 380 terque
543 324 743 380 partium
798 322 988 363 istarum
1043 319 1484 374 Transsylvanarum
1540 317 1912 360 consuetudinem
1969 317 2026 359 ab

331 397 521 450 antiquo
562 395 607 435 in
647 393 814 435 talibus
854 391 1085 433 observari
1123 390 1305 431 solitam
1346 403 1563 445 personae
1602 388 1838 430 masculini
1877 401 2023 437 sexus,

332 471 489 509 contra
520 464 736 505 femineos
767 467 811 504 et
843 476 866 504 e
898 474 1116 503 converso
1148 460 1370 502 femineus
1401 473 1534 502 sexus
1565 463 1723 501 contra
1754 458 2024 500 masculinos

329 551 420 578 non
444 536 488 576 in
512 535 609 590 ipsa
632 533 849 588 capituali
888 532 1129 581 sententia,
1154 531 1233 572 sed
1257 531 1302 572 in
1325 531 1525 573 emendis
1549 530 1793 571 dumtaxat
1818 530 2023 585 capitum

328 620 510 649 suorum
532 618 771 659 rerumque
791 608 836 645 et
859 603 1024 645 iurium
1059 602 1510 658 possessionariorum
1544 601 1782 643 amissione
1815 601 2023 642 condem-
2061 618 2077 643 5

328 677 458 733 pnari
472 676 617 717 solent
638 680 682 717 et
698 674 934 730 aggravari
956 688 963 715 :
987 674 1088 715 ideo
1102 678 1381 715 memoratus
1397 672 1607 715 dominus
1622 671 1812 726 Bogdan
1827 671 2025 714 vaivoda

328 750 373 791 in
402 760 585 788 causam
614 750 841 788 attractus
870 759 951 800 pro
979 744 1240 800 praemissa,
1270 748 1322 786 ut
1351 743 1617 799 praefertur,
1641 742 1846 784 indebita
1865 747 2024 798 poten-

328 818 551 872 tiariaque
601 817 864 859 detentione
915 816 1025 858 dicti
1075 815 1212 857 castri
1262 815 1498 871 Kykellew
1548 828 1600 856 ac
1638 814 2023 870 pertinentiarum

328 889 529 932 eiusdem
577 893 739 930 contra
786 892 830 929 et
879 887 1097 929 adversus
1145 886 1401 941 praefatam
1438 885 1671 927 dominam
1719 885 2023 927 Katherinam

328 960 539 1003 actricem
549 959 594 1000 in
605 958 798 1001 emenda
809 958 971 1013 capitis
988 957 1070 1007 sui,
1083 971 1138 998 ex
1157 971 1299 1011 eoque
1317 957 1362 998 in
1381 961 1564 999 centum
1582 956 1744 998 marcis
1761 956 2022 1012 homagiali-
2045 971 2078 997 ιο

327 1033 412 1074 bus
441 1030 616 1072 ratione
645 1030 714 1072 sui
742 1030 994 1071 baronatus
1023 1028 1379 1083 quadringentos
1407 1028 1599 1069 florenos
1628 1027 1726 1069 auri
1754 1027 2025 1069 facientibus

327 1103 411 1158 ipsi
429 1101 714 1143 solummodo
731 1100 942 1142 dominae
960 1099 1116 1142 actrici
1133 1098 1455 1154 persolvendis,
1474 1103 1708 1154 praeterea
1724 1098 1770 1139 in
1788 1098 2026 1140 amissione

327 1174 640 1216 universorum
697 1172 862 1214 iurium
918 1185 1103 1213 suorum
1159 1170 1626 1226 possessionariorum,
1683 1183 1925 1224 rerumque
1981 1172 2025 1210 et

326 1245 549 1286 bonorum
606 1243 911 1298 quorumlibet
970 1242 1090 1284 intra
1147 1242 1373 1283 ambitum
1429 1241 1591 1282 harum
1647 1240 2025 1296 pertinentiarum

327 1314 766 1371 Transsylvanarum
787 1313 978 1356 ubilibet
1000 1313 1295 1354 existentium
1316 1316 1360 1354 et
1383 1311 1689 1354 adiacentium
1710 1311 1859 1366 ipsum
1879 1311 2025 1353 solum
2041 1325 2076 1351 15

327 1387 506 1443 proprie
543 1391 588 1429 et
625 1385 823 1442 praecise
861 1383 1230 1426 concernentium
1268 1383 1313 1425 in
1351 1383 1529 1424 duabus
1566 1382 1731 1424 nostris
1768 1381 2024 1430 iudiciariis

327 1459 372 1500 in
415 1458 551 1500 tertia
592 1471 700 1499 vero
743 1456 951 1512 partibus
994 1455 1143 1497 dictae
1186 1455 1396 1496 dominae
1439 1454 1630 1503 actricis,
1674 1453 1816 1508 partis
1858 1453 2025 1495 scilicet

328 1530 545 1571 adversae
578 1528 790 1570 manibus
825 1526 1120 1568 devolvendis
1154 1531 1198 1568 et
1234 1525 1516 1581 applicandis
1551 1524 1757 1567 convinci
1791 1528 1837 1566 et
1871 1537 2026 1579 aggra-

327 1601 425 1643 vari
457 1600 619 1642 debere
651 1599 782 1641 nobis
816 1613 867 1640 ac
900 1596 1127 1639 nonnullis
1156 1597 1318 1638 harum
1351 1596 1551 1652 partium
1584 1595 2023 1651 Transsylvanarum

326 1671 567 1721 nobilibus,
605 1670 723 1712 sedis
760 1669 929 1711 scilicet
966 1674 1148 1711 nostrae
1184 1667 1443 1710 iudiciariae
1479 1667 1638 1708 iuratis
1675 1666 2026 1709 coassessoribus
2039 1679 2074 1705 20

326 1743 563 1784 nobiscum
610 1742 655 1783 in
703 1740 910 1783 examine
956 1739 1206 1795 praesentis
1254 1752 1416 1781 causae
1462 1738 1632 1793 pariter
1678 1737 2026 1779 consedentibus

327 1814 559 1869 perspicue
609 1812 940 1868 agnoscebatur
961 1825 969 1861 ;
1022 1811 1077 1852 de
1127 1824 1321 1865 quorum
1371 1809 1555 1852 consilio
1605 1813 1896 1864 praematuro
1944 1822 2026 1849 nos

327 1885 611 1926 antedictum
667 1887 867 1925 castrum
924 1882 1159 1937 Kykellew
1213 1880 1453 1922 simulcum
1507 1879 1752 1935 praetactis
1807 1879 2026 1921 universis

328 1955 683 2011 possessionibus
727 1953 1103 2010 portionibusque
1139 1957 1184 1994 et
1217 1951 1389 1993 iuribus
1421 1950 1780 2006 possessionariis
1814 1950 1873 1991 ad
1904 1950 2024 1992 idem

327 2032 527 2068 castrum
566 2025 894 2081 spectantibus,
929 2024 1116 2078 aliisque
1141 2023 1315 2065 cunctis
1347 2022 1625 2064 utilitatibus
1663 2026 1708 2063 et
1742 2021 2025 2076 pertinentiis
2039 2033 2075 2059 25

328 2098 527 2139 eiusdem
573 2097 664 2138 iam
710 2097 833 2138 fatae
879 2095 1089 2137 dominae
1137 2094 1418 2136 Katherinae
1463 2093 1618 2135 actrici
1663 2092 2026 2134 readiudicantes

328 2168 544 2223 reddique
566 2172 610 2210 et
633 2167 770 2209 modo
792 2166 1048 2221 subscripto
1070 2165 1262 2207 restatui
1284 2164 1622 2206 committentes
1644 2163 2026 2217 nihilominusque

327 2239 637 2294 saepedictum
686 2238 922 2280 dominum
972 2236 1162 2291 Bogdan
1210 2235 1457 2277 vaivodam
1505 2239 1748 2290 praetextu
1797 2234 2025 2275 antelatae

328 2310 628 2364 potentiariae
659 2309 980 2363 indebitaeque
1013 2307 1287 2349 detentionis
1319 2306 1520 2348 eiusdem
1553 2305 1689 2347 castri
1720 2309 1766 2347 et
1797 2305 2025 2360 pertinen-

328 2380 495 2421 tiarum
537 2394 721 2422 suarum
765 2380 982 2421 adversus
1024 2379 1170 2434 ipsam
1215 2378 1448 2420 dominam
1491 2376 1703 2419 actricem
1745 2375 1791 2417 in
1834 2375 2025 2417 emenda
2039 2387 2072 2413 30

329 2451 490 2506 capitis
518 2451 587 2493 sui
616 2466 670 2493 ex
700 2464 842 2506 eoque
873 2450 919 2491 in
948 2454 1132 2491 centum
1161 2448 1323 2491 marcis
1352 2447 1682 2502 homagialibus
1710 2446 1885 2488 ratione
1914 2446 2024 2488 dicti

328 2521 576 2563 baronatus
607 2522 689 2571 sui,
714 2520 1069 2576 quadringentos
1099 2521 1290 2562 florenos
1322 2519 1433 2568 auri,
1466 2524 1517 2560 ut
1561 2518 1826 2573 praefertur,
1859 2517 2024 2558 facien-

329 2592 452 2633 tibus
482 2592 627 2634 eidem
659 2593 904 2634 dumtaxat
936 2591 1146 2633 dominae
1177 2590 1332 2633 actrici
1362 2589 1682 2645 persolvendis,
1715 2592 1948 2644 praeterea
1977 2587 2022 2628 in

330 2663 567 2704 amissione
598 2667 996 2718 praenarratorum
1028 2662 1341 2704 universorum
1372 2660 1537 2703 iurium
1568 2673 1752 2701 suorum
1783 2658 2022 2714 possessio-

330 2733 558 2774 nariorum
606 2747 846 2788 rerumque
882 2738 927 2774 et
964 2733 1188 2774 bonorum
1225 2731 1532 2787 quorumlibet
1568 2730 1689 2772 intra
1724 2729 1940 2771 terminos
1976 2732 2021 2770 et
2039 2741 2075 2767 35

329 2803 493 2845 limites
512 2804 711 2858 partium
731 2804 921 2846 istarum
940 2804 1380 2859 Transsylvanarum
1400 2801 1604 2850 ubilibet,
1626 2800 1694 2842 uti
1713 2799 2023 2854 praemittitur

331 2874 648 2923 adiacentium,
700 2874 1084 2929 existentiumque
1133 2878 1177 2916 et
1226 2873 1488 2915 habitorum
1537 2871 1583 2912 in
1631 2870 1809 2912 duabus
1857 2869 2022 2911 nostris

331 2942 584 2993 iudiciariis,
627 2945 672 2986 in
704 2945 840 2986 tertia
884 2959 991 2986 vero
1035 2944 1244 3000 partibus
1288 2942 1546 2999 praedictae
1591 2940 1800 2982 dominae
1844 2939 2021 2981 actricis

331 3013 472 3066 partis
518 3014 684 3056 scilicet
732 3015 947 3070 adversae
994 3015 1204 3056 manibus
1251 3012 1544 3056 devolvendis
1590 3015 1634 3053 et
1681 3010 2020 3052 reddundorum

332 3083 591 3125 convictum
626 3090 670 3126 et
706 3090 1006 3139 aggravatum
1040 3099 1133 3127 esse
1169 3085 1459 3126 decernentes
1494 3086 1633 3136 atque
1667 3080 2069 3129 committentes,4o

332 3152 539 3211 Vestram
586 3154 847 3196 Amicitiam
895 3155 1207 3210 praesentibus
1253 3154 1451 3210 petimus
1497 3152 1745 3207 diligenter,
1795 3155 2020 3205 quatenus
