2209 3643
302 232 373 277 148
1056 226 1131 260 N0.
1157 236 1224 260 111
1663 220 1737 274 [23.
1758 225 1869 270 Junii
1893 236 1990 271 1527

299 361 429 403 vobis
449 365 545 402 tam
571 359 687 401 circa
707 356 1012 399 defensionem
1043 354 1167 409 regni
1198 354 1341 397 nostri
1365 355 1639 410 Hungariae,
1666 369 1805 410 quam
1836 356 1992 411 expul-

300 432 470 473 sionem
502 431 560 472 ab
590 443 642 471 eo
673 426 923 470 communis
952 425 1057 467 fidei
1087 430 1270 467 nostrae
1299 426 1442 468 hostis
1473 427 1754 481 exponenda,
1787 426 1902 468 sicut
1935 427 1993 468 ab

300 516 352 544 eo
374 515 523 544 coram
538 498 779 554 accipietis.
804 498 929 552 Quae
944 511 1047 538 cum
1062 510 1117 538 ex
1131 502 1284 538 mente
1304 501 1348 538 et
1370 497 1609 538 voluntate
1629 502 1785 539 nostra
1805 497 1991 539 veniant

299 586 381 614 vos
395 573 631 613 hortamur
647 569 789 617 enixe,
800 572 851 610 ut
869 567 1014 609 eidem
1029 567 1260 623 Stephano
1276 567 1321 608 in
1337 567 1420 617 his,
1431 581 1548 622 quae
1563 568 1724 610 referet
1740 582 1831 610 non
1847 568 1992 610 solum

299 643 435 685 fidem
457 641 691 683 indubiam
715 643 958 695 praestare,
984 638 1061 679 sed
1085 638 1223 679 etiam
1246 651 1328 679 vos
1348 652 1481 693 super
1505 638 1672 680 eisdem
1695 639 1760 680 ita
1783 639 1993 680 exhibere
2030 651 2048 676 5

300 713 462 762 velitis,
505 712 620 754 sicut
662 711 706 751 in
747 723 829 751 vos
869 710 1003 764 plane
1043 709 1324 758 confidimus
1368 709 1491 763 quod
1531 723 1635 764 erga
1675 723 1757 751 vos
1796 709 1993 751 vicissim

301 784 422 826 omni
452 783 600 838 gratia
630 782 877 836 favoreque
906 784 1062 821 nostro
1094 779 1500 835 compensabimus.

444 854 617 895 Datum
638 852 853 901 Viennae,
880 851 946 892 18.
968 850 1095 905 Junii
1119 862 1243 905 1527.
1271 851 1531 905 Regnorum
1553 855 1811 893 nostrorum
1833 851 1992 906 primo.

618 958 868 1002 (Conceptus.
897 956 1186 996 Staatsarchiv,
1218 956 1344 990 VVien.
1375 956 1634 1000 Hungarica.)

1095 1134 1194 1174 111.
2012 1146 2050 1172 10

862 1244 1002 1293 Wien,
1036 1254 1103 1295 23.
1138 1243 1275 1297 Junii
1306 1255 1433 1297 1527.

518 1335 808 1374 Ferdinandus
838 1335 870 1373 Ι.
902 1347 974 1372 rex
1006 1334 1248 1385 Hungariae
1275 1333 1431 1384 Joanni
1463 1334 1778 1373 Habardanecz.

449 1447 712 1489 Benevolum
737 1445 938 1486 animum
963 1449 1042 1500 pro
1068 1445 1326 1500 imperatore
1349 1445 1605 1494 Russorum,
1633 1445 1660 1486 I
1663 1459 1761 1494 van,
1789 1445 2000 1500 promittit

304 1525 341 1561 et
359 1523 490 1574 rogat,
510 1532 563 1559 ne
580 1517 689 1569 fines
708 1516 989 1571 derelinquat,
1009 1530 1143 1571 neque
1162 1517 1360 1557 concedat
1380 1517 1546 1558 Turcas
1565 1530 1663 1557 cum
1683 1516 2000 1569 Transylvanis

304 1595 379 1632 aut
411 1589 575 1632 Siculis
609 1588 745 1636 uniri,
788 1587 824 1629 V
827 1587 999 1629 alachos
1032 1601 1125 1629 vero
1159 1587 1215 1628 ad
1247 1587 1474 1629 vaivodam
1505 1587 1847 1642 Scepusiensem,
1881 1592 2001 1642 spem
2017 1595 2053 1621 15

303 1662 482 1703 unicam
506 1661 555 1702 in
580 1659 670 1701 illis
695 1663 937 1714 ponentem,
963 1658 1019 1699 ad
1042 1658 1401 1700 corroborandum
1424 1672 1600 1713 regnum
1624 1659 1786 1700 intrare
1810 1658 1939 1700 sinat.

450 1779 632 1821 Referes
654 1777 791 1832 igitur
812 1777 957 1819 eidem
976 1777 1177 1831 Johanni
1200 1777 1366 1819 Chaar1
1388 1782 1591 1818 nostram
1614 1777 1659 1818 in
1682 1790 1785 1818 eum
1806 1777 2000 1832 gratiam

305 1856 349 1893 et
379 1851 596 1899 favorem,
628 1862 720 1904 qua
747 1862 850 1890 eum
879 1861 987 1903 prae
1015 1848 1203 1889 caeteris
1235 1847 1577 1903 complectimur
1616 1861 1789 1902 nosque
1817 1848 1877 1889 illi
1908 1862 1999 1889 non

304 1921 540 1976 indignari,
574 1920 652 1962 sed
683 1920 729 1961 in
761 1933 864 1961 eum
897 1918 1081 1960 omnino
1113 1919 1350 1967 confidere,
1384 1918 1507 1973 quod
1538 1931 1642 1960 suos
1674 1932 1855 1973 quoque
1886 1919 2000 1960 bene

304 1993 464 2047 diriget
486 1996 530 2033 et
551 1990 792 2039 custodiet,
821 2003 876 2031 ne
897 1989 994 2030 aliis
1014 1989 1352 2031 incommodent
1385 1989 1624 2044 ipsumque
1644 1994 1799 2031 nostro
1818 1989 2001 2031 nomine
2018 1997 2055 2023 20

303 2068 349 2105 te
370 2064 467 2105 vice
488 2061 694 2110 horteris,
710 2065 762 2103 ut
784 2061 829 2102 in
850 2060 935 2101 hac
956 2073 1038 2102 sua
1059 2061 1104 2102 in
1126 2074 1207 2102 nos
1229 2061 1331 2110 fide,
1348 2060 1639 2102 observantia
1660 2064 1704 2102 et
1727 2060 2000 2109 constantia,

304 2139 355 2176 ut
375 2134 546 2189 optime
565 2131 729 2187 coepit,
749 2136 1028 2187 permaneat.
1050 2132 1107 2173 Et
1123 2132 1228 2188 quia
1258 2146 1337 2173 nos
1356 2131 1670 2186 expeditionem
1701 2132 1747 2172 H
1750 2131 2002 2187 ungaricam

305 2219 422 2246 nunc
455 2204 732 2252 instruimus,
766 2216 855 2245 non
888 2202 1026 2251 aliter,
1060 2217 1191 2258 quam
1224 2216 1357 2244 causa
1392 2202 1585 2244 iustitiae
1619 2206 1655 2243 et
1687 2202 1931 2258 aequitatis,
1967 2206 2003 2242 et

305 2276 353 2317 in
382 2275 722 2331 prosecutionem
751 2273 865 2315 iuris
894 2273 1045 2322 nostri,
1076 2274 1188 2329 quod
1217 2277 1305 2314 tam
1334 2273 1497 2322 divino,
1528 2287 1659 2329 quam
1688 2273 1878 2314 humano
1908 2272 2003 2314 iure

306 2360 354 2388 ac
388 2347 500 2388 alias
535 2345 771 2402 multiplici
805 2345 981 2388 nomine
1015 2358 1161 2386 versus
1195 2344 1452 2399 Hungariae
1486 2357 1663 2399 regnum
1695 2344 1914 2392 habemus,
1951 2356 2002 2384 ac
2018 2351 2057 2377 25

306 2430 387 2471 pro
426 2416 683 2459 defensione
721 2416 921 2458 eiusdem
960 2419 1119 2458 contra
1157 2414 1357 2456 internos
1395 2414 1668 2463 turbatores,
1714 2418 1759 2455 et
1810 2413 2003 2468 denique

309 2487 588 2528 orthodoxae
626 2487 729 2529 fidei
765 2491 948 2528 nostrae
984 2486 1137 2527 hostes
1175 2485 1462 2540 expellendos
1510 2484 1733 2539 nobisque
1786 2497 1876 2526 non
1914 2483 2002 2525 dis-

307 2557 505 2612 pliceret,
532 2562 583 2599 ut
609 2571 712 2599 cum
737 2557 948 2612 gentibus
972 2556 1063 2598 suis
1087 2569 1208 2597 nunc
1233 2556 1278 2597 in
1303 2569 1539 2597 occursum
1563 2560 1770 2596 nostrum
1795 2554 1969 2596 veniret
1991 2567 2000 2603 ;

307 2627 399 2677 sed,
421 2628 528 2682 quia
558 2642 640 2669 nos
674 2628 732 2669 ad
765 2628 1075 2669 infestandum
1109 2631 1153 2668 et
1188 2626 1539 2680 aggrediendum
1572 2626 1725 2667 hostes
1757 2625 1841 2666 hac
1873 2629 2004 2679 parte

308 2697 418 2739 satis
446 2698 656 2740 instructi
684 2698 837 2747 simus,
868 2702 912 2739 et
941 2711 997 2739 ne
1025 2697 1061 2738 si
1090 2697 1207 2738 forte
1234 2696 1382 2745 Turci,
1411 2696 1839 2743 Transilvanienses‚
1867 2694 2003 2736 Siculi
2021 2704 2056 2729 30

309 2772 353 2809 et
381 2768 569 2809 Valachi
599 2782 625 2809 a
652 2773 782 2823 parte
810 2768 953 2809 altera
980 2781 1062 2809 nos
1091 2781 1271 2822 quoque
1300 2766 1513 2808 invadere
1540 2766 1723 2814 vellent,
1754 2764 2001 2806 exercitum

309 2842 514 2879 nostrum
542 2838 741 2880 dividere
768 2852 995 2893 cogamur,
1011 2838 1141 2879 nobis
1161 2851 1243 2892 pro
1263 2837 1396 2878 rebus
1417 2851 1519 2878 cum
1535 2836 1713 2885 nostris,
1730 2840 1829 2876 tum
1849 2835 1885 2876 is
1912 2836 2004 2876 suis

311 2908 520 2962 expedire
548 2909 690 2963 magis
718 2909 867 2950 visum
896 2913 978 2957 est,
1009 2913 1060 2950 ut
1090 2908 1184 2963 ipse
1213 2906 1618 2962 inpraesentiarum
1647 2906 1693 2946 in
1722 2905 1844 2946 dicta
1872 2910 2002 2960 parte

310 2983 491 3019 maneat
521 2983 565 3019 et
593 2992 788 3021 unacum
809 2993 947 3020 manu
968 2978 1165 3019 militum
1193 2991 1376 3018 suorum
1404 2977 1449 3017 in
1478 2976 1729 3017 confinibus
1756 2977 2003 3017 Turcorum

312 3047 523 3101 singulari
555 3062 661 3089 cura
692 3048 1014 3103 diligentiaque
1046 3048 1272 3095 advertat,
1305 3060 1361 3088 ne
1392 3046 1501 3100 quid
1533 3045 1700 3086 sinistri
1732 3050 1890 3087 contra
1920 3059 2003 3087 nos
2019 3055 2058 3080 35

2069 2192 2083 2209 Q

455 3199 465 3218 ¹
494 3200 674 3239 Nenada‚
698 3200 829 3234 dietus
849 3200 1000 3233 «Homo
1020 3199 1146 3243 niger»
1167 3198 1341 3233 vaivoda
1364 3198 1671 3232 Rascianorum.
