2209 3643
161 202 222 226 20.
244 191 335 237 Jan.
361 185 471 240 1535]
926 188 1000 224 No.
1024 198 1094 232 205
1784 193 1858 229 249

160 320 392 363 mendatio
431 320 621 361 aliorum
661 318 860 360 fidelium
900 322 1172 365 nostrorum,
1213 316 1447 371 potissime
1486 329 1593 358 vero
1632 313 1857 370 Magnifici

159 391 368 447 Casparis
391 390 614 432 Horwath
637 389 692 431 de
718 389 1012 444 Wyngarth,2
1036 388 1160 443 apud
1182 401 1264 430 nos
1301 388 1632 436 intervenisset,
1658 391 1709 429 ut
1733 400 1860 428 arma

160 462 442 518 insigniaque
479 475 505 503 a
540 460 787 503 maioribus
823 460 914 501 suis
963 460 1134 508 relicta,
1184 472 1301 514 quae
1337 459 1421 500 hoc
1457 458 1699 500 fluctuanti
1736 458 1859 513 regni

160 538 287 576 statu
312 537 546 587 utcunque
572 530 880 586 deperiissent,
909 530 1053 572 eidem
1080 544 1202 572 nova
1226 534 1383 572 nostra
1421 529 1668 572 donatione
1705 543 1860 572 conce-

127 619 144 645 5
162 605 266 648 dere
292 604 581 659 dignaremur
602 616 609 644 :
639 601 934 643 consideratis
960 601 1183 643 maiorum
1209 615 1394 643 suorum
1421 600 1606 650 meritis,
1636 615 1752 655 quae
1778 614 1859 643 nec

162 689 318 732 parva,
353 688 434 717 nec
467 674 658 716 obscura
690 673 827 714 fuisse
860 676 1184 721 memorantur,
1212 672 1434 714 habentes
1466 671 1604 714 etiam
1637 672 1859 714 rationem

161 745 395 789 fidelitatis
412 744 791 798 servitiorumque
808 743 1008 785 eiusdem
1027 743 1221 784 Ladislai
1242 743 1478 798 Drakulya
1495 747 1651 785 vetera
1668 743 1861 797 insignia

161 817 358 859 familiae
394 829 530 858 suae:
578 814 768 857 Scutum
805 814 1014 856 videlicet
1063 814 1187 856 rubri
1235 814 1407 863 coloris,
1445 828 1501 856 ex
1537 814 1662 857 cuius
1699 814 1861 856 dextro

160 889 300 930 latere
327 892 417 929 tres
443 885 702 942 prominent
729 885 888 927 dentes
914 885 1071 940 lupini,
1100 898 1242 939 usque
1269 885 1314 926 in
1353 885 1547 926 alterum
1586 884 1703 926 scuti
1741 885 1861 927 latus

108 972 145 999 10
160 958 375 1015 protensi,
398 958 557 1000 dentes
577 970 629 999 ac
650 960 831 998 scutum
857 956 974 998 ensis
1000 959 1264 998 cruentatus
1290 955 1468 1004 dividit,
1500 969 1551 998 eo
1577 960 1858 1010 argumento,

161 1030 285 1085 quod
319 1029 511 1071 maiores
545 1028 615 1070 sui
649 1031 831 1069 strenue
858 1041 909 1068 ac
935 1027 1113 1069 fortiter
1147 1040 1300 1068 sacrae
1335 1027 1458 1081 regni
1493 1026 1636 1068 nostri
1671 1040 1862 1068 coronae

161 1100 456 1143 inservientes
477 1099 588 1141 haec
610 1098 803 1153 insignia
824 1098 1079 1153 acceperint
1101 1111 1127 1139 a
1149 1097 1266 1140 divis
1287 1097 1480 1151 regibus
1504 1097 1862 1152 praecessoribus

161 1171 341 1220 nostris,
383 1174 519 1226 prout
560 1183 613 1212 ea
653 1170 699 1211 in
740 1169 888 1224 capite
929 1183 1006 1212 seu
1047 1168 1268 1224 principio
1307 1168 1563 1210 litterarum
1603 1173 1863 1210 nostrarum

163 1243 325 1285 clarius
345 1246 452 1284 sunt
473 1254 613 1283 manu
633 1240 819 1296 pictoris
839 1240 1074 1289 denotata,
1097 1240 1249 1281 animo
1270 1239 1519 1281 deliberato
1540 1243 1585 1281 et
1606 1253 1661 1281 ex
1682 1243 1863 1281 nostrae

107 1327 145 1354 15
165 1313 332 1369 Regiae
372 1311 616 1368 potestatis
656 1311 938 1367 plenitudine
979 1311 1125 1353 eidem
1165 1309 1376 1352 Ladislao
1417 1310 1653 1366 Drakulya
1693 1324 1745 1352 ac
1784 1324 1864 1365 per

164 1398 269 1427 eum
309 1383 492 1438 Joanni‚
539 1382 670 1425 fratri
714 1382 915 1424 eiusdem
960 1381 1129 1423 carnali
1177 1381 1469 1436 ipsorumque
1513 1381 1783 1423 haeredibus
1818 1386 1863 1423 et

165 1454 513 1511 posteritatibus
559 1453 781 1495 universis
828 1453 976 1494 denuo
1024 1452 1176 1494 danda
1224 1451 1437 1493 duximus
1484 1456 1528 1493 et
1576 1452 1862 1501 conferenda,

166 1526 305 1568 immo
331 1526 507 1574 damus,
547 1525 772 1566 donamus
797 1528 842 1565 et
869 1523 1140 1565 conferimus
1165 1536 1217 1564 ac
1243 1522 1532 1564 concedimus
1557 1523 1862 1572 decernentes,

166 1602 219 1639 ut
240 1597 325 1652 ipsi
347 1596 583 1651 omnisque
609 1609 765 1637 eorum
791 1594 1035 1649 posteritas
1062 1593 1340 1649 praescripta
1361 1606 1487 1635 arma
1508 1598 1647 1648 atque
1673 1594 1866 1649 insignia

108 1682 148 1709 20
167 1668 336 1723 ubique
364 1667 410 1708 in
439 1666 632 1722 proeliis,
663 1665 933 1714 hastiludiis,
965 1664 1305 1713 torneamentis,
1337 1664 1509 1713 duellis,
1540 1665 1707 1719 sigillis,
1739 1665 1864 1714 velis,

168 1738 353 1781 cortinis
384 1742 429 1780 et
461 1737 507 1779 in
539 1736 817 1792 quibuslibet
849 1735 1073 1778 exercitiis
1104 1735 1441 1790 honoribusque
1471 1735 1790 1777 nobilitaribus
1820 1740 1866 1778 et

168 1809 442 1851 militaribus
472 1808 616 1850 instar
646 1808 837 1849 aliorum
868 1807 992 1862 regni
1022 1806 1166 1848 nostri
1197 1806 1458 1861 Hungariae
1489 1806 1723 1855 nobilium,
1757 1820 1866 1861 quo-

170 1880 420 1922 modolibet
453 1879 509 1921 de
541 1879 636 1920 iure
668 1878 741 1920 vel
773 1878 1101 1920 consuetudine
1133 1877 1270 1918 armis
1302 1877 1547 1926 utentium,
1581 1877 1664 1926 uti,
1698 1877 1788 1919 frui
1821 1882 1866 1920 et

168 1951 364 2007 gaudere
402 1963 579 2005 semper
616 1949 753 1991 libere
792 1948 984 1990 valeatis
1022 1953 1162 2003 atque
1199 1948 1381 2003 possitis
1436 1948 1673 2003 omnisque
1711 1962 1867 1990 eorum

110 2036 151 2063 25
169 2021 412 2078 posteritas
430 2021 582 2062 valeat
601 2024 741 2075 atque
757 2020 914 2074 possit.
937 2020 989 2060 ln
1008 2019 1134 2060 cuius
1151 2018 1213 2060 rei
1230 2018 1495 2060 memoriam
1513 2019 1868 2074 firmitatemque

171 2096 439 2148 perpetuam
472 2096 733 2147 praesentes
767 2090 942 2132 litteras
976 2094 1154 2131 nostras
1188 2089 1486 2144 privilegiales
1520 2094 1692 2131 secreto
1725 2089 1868 2145 sigillo

169 2167 341 2213 nostro,
379 2176 485 2218 quo,
515 2166 567 2204 ut
604 2176 683 2204 rex
720 2161 981 2216 Hungariae
1017 2160 1203 2209 utimur,
1229 2160 1447 2215 pendenti
1482 2160 1786 2202 communitas
1822 2165 1866 2202 et

170 2235 407 2277 roboratas
438 2233 606 2275 eisdem
638 2232 851 2274 duximus
882 2231 1204 2273 concedendas.

305 2305 479 2346 Datum
521 2304 723 2345 Viennae
766 2303 812 2344 in
856 2303 971 2344 festo
1002 2304 1251 2343 {catorum
1290 2301 1481 2343 Fabiani
1531 2306 1575 2343 et
1612 2301 1869 2344 Sebastiani

116 2391 154 2417 30
172 2375 424 2418 martirum.
447 2375 580 2417 Anno
601 2374 786 2416 Domini
807 2384 931 2427 1535.
956 2374 1216 2428 Regnorum
1238 2377 1497 2414 nostrorum
1522 2373 1716 2414 Romani
1749 2387 1868 2415 anno

173 2448 349 2502 quinto,
373 2446 650 2501 reliquorum
674 2458 780 2486 vero
803 2458 936 2486 nono.

930 2563 993 2597 Ad
1013 2562 1335 2597 commissionem
1351 2563 1556 2608 propriam
1583 2562 1735 2596 domini
1754 2563 1866 2607 regis.

251 2660 384 2704 (Liber
397 2660 544 2705 Regius
558 2660 791 2705 Hungariae
805 2658 882 2693 vol.
899 2658 930 2692 Ι.
947 2659 1021 2692 No.
1042 2668 1084 2702 42
1090 2669 1124 2702 5.
1141 2657 1335 2702 Orszagos
1350 2656 1548 2697 Leveltar,
1565 2657 1800 2703 Budapest.)

320 2813 334 2835 ²
356 2814 396 2848 Is
418 2817 507 2849 erat
528 2814 775 2860 Magnificus,
802 2814 898 2859 quia
920 2813 998 2848 fuit
1021 2812 1211 2857 magister
1231 2811 1566 2846 cubiculariorum
1589 2810 1792 2855 regalium.
