2209 3643
317 172 365 205 80
1084 167 1158 201 No.
1181 170 1229 211 64
1646 161 1722 215 [16.
1745 165 1881 201 Martii
1916 170 2014 211 1506

318 300 471 348 faciat,
508 311 683 352 semper
719 301 874 338 autem
912 296 1030 337 Ill¹¹²³e
1053 294 1217 350 Virgini
1241 295 1482 350 reginulae‚
1520 294 1659 336 sorori
1683 300 1867 337 nostrae
1891 296 2020 338 Polo-

318 385 399 413 nos
418 370 522 411 fidei
541 382 633 410 non
651 367 928 421 alteriusque
948 367 1184 407 Romanae
1201 366 1458 407 sacerdotes
1478 366 1693 407 officiales
1711 379 1763 407 ac
1781 366 2020 409 servitores

318 441 554 494 utriusque
579 451 714 479 sexus
740 437 992 487 adhibebit,
1020 451 1123 478 cum
1149 437 1315 491 quibus
1340 437 1416 478 illa
1442 436 1757 479 conversiones
1783 443 2021 480 consuetas

317 512 505 553 haberet
544 510 773 558 honestas,
814 522 954 563 quam
991 507 1086 550 eius
1123 507 1368 550 familiares
1405 508 1643 562 utriusque
1679 521 1812 549 sexus
1849 509 2020 550 domini

317 580 556 629 vaivodae,
586 579 748 634 suique
776 579 1067 634 professionis
1098 579 1295 620 Graecae
1325 583 1369 620 et
1401 579 1642 621 Ruthenae
1672 578 1864 633 praelati
1892 580 2019 635 spiri·
2056 600 2075 625 5

319 652 463 694 tuales
495 665 547 692 ac
578 650 842 699 saeculares,
867 664 958 691 non
989 655 1207 705 poterunt
1240 650 1285 691 in
1317 649 1406 691 fide
1439 650 1648 692 Romana
1679 650 1909 705 impedire,
1942 650 2021 692 sed

318 723 469 778 potius
502 722 595 776 ipse
629 721 839 763 dominus
872 721 1070 763 vaivoda
1103 735 1206 762 cum
1238 721 1569 770 benevolentia,
1603 721 1759 762 favore
1794 725 1839 763 et
1878 721 2022 763 chari-

319 799 418 835 tate
449 793 565 834 sinet
597 805 698 833 eam
729 792 875 834 eidem
907 792 1108 847 profiteri
1140 796 1184 833 et
1217 796 1512 846 augmentare
1546 792 1804 833 Romanam
1835 796 1880 833 et
1912 792 2023 846 quid

319 864 508 919 contigit
543 863 704 905 eodem
739 863 924 905 domino
958 862 1182 904 vaivodae
1206 867 1250 904 et
1273 863 1562 904 subditorum
1586 862 1680 904 eius
1713 862 1798 905 hoc
1828 862 2022 918 Spiritus

319 936 463 977 almae
480 935 654 990 gratiae
672 934 915 976 deferimus
933 938 978 975 et
996 934 1290 975 nihilominus
1308 934 1518 976 dominus
1537 933 1736 976 vaivoda
1753 934 1812 975 ad
1825 934 2022 976 Sanctis·
2036 950 2075 977 10

318 1007 483 1048 simum
519 1005 757 1047 dominum
791 1010 1000 1046 nostrum
1046 1018 1219 1060 papam
1252 1005 1350 1046 sive
1384 1019 1463 1060 per
1497 1019 1557 1054 se,
1593 1004 1688 1047 sive
1723 1018 1825 1046 cum
1858 1005 2023 1047 nostris

320 1082 497 1118 oratore
521 1090 599 1118 seu
627 1076 883 1118 oratoribus
920 1076 1248 1118 commoditate
1277 1089 1324 1117 se
1348 1076 1407 1117 ad
1431 1076 1662 1118 deferente
1686 1076 1867 1118 mittere
1891 1076 2023 1118 debe-

320 1148 402 1197 bit,
426 1161 563 1202 seque
586 1148 850 1196 declarabit,
888 1147 995 1201 quia
1028 1161 1110 1202 pro
1145 1147 1404 1188 defensione
1431 1147 1779 1188 christianorum
1802 1161 1905 1189 cum
1926 1161 2023 1202 per-

320 1233 431 1261 sona
460 1224 505 1260 et
535 1219 708 1260 viribus
737 1232 919 1260 sumens
947 1232 1077 1259 suam
1107 1218 1482 1259 commoditatem
1510 1218 1596 1259 sibi
1624 1218 1866 1260 innocuam
1894 1232 2024 1274 agere

322 1290 522 1338 debebit,
563 1290 830 1344 praesertim
870 1303 1011 1344 quum
1050 1289 1274 1344 principes
1312 1289 1545 1331 christiani
1583 1303 1712 1344 agere
1749 1290 1931 1339 vellent,
1971 1293 2077 1332 ut15

323 1366 478 1402 autem
502 1361 587 1402 hoc
611 1361 760 1416 ipsum
795 1360 1074 1402 matrimonii
1109 1360 1267 1401 foedus
1302 1360 1527 1415 quispiam
1561 1374 1651 1401 non
1685 1364 1818 1416 putet
1853 1361 2024 1414 absque

322 1432 523 1474 misterio
561 1432 663 1473 utili
701 1436 746 1473 et
786 1431 1138 1473 commendabili
1176 1431 1448 1485 reipublicae
1507 1431 1778 1473 christianae
1833 1431 2022 1481 factum,

322 1503 505 1544 debebit
527 1503 621 1558 ipse
644 1503 853 1544 dominus
868 1502 1081 1551 vaivoda,
1098 1502 1388 1556 universique
1408 1502 1581 1544 subditi
1602 1503 1671 1544 sui
1692 1502 1850 1544 foedus
1872 1502 2024 1544 amici-

322 1575 413 1616 tiae
436 1579 683 1629 perpetuae
706 1574 1027 1616 adhaerentiae
1050 1573 1321 1616 defensionis
1344 1578 1389 1614 et
1413 1573 1835 1616 communicationis
1874 1574 2024 1615 nobis-

323 1659 440 1694 cum,
471 1659 525 1687 ac
554 1659 657 1687 cum
686 1659 825 1700 regno
852 1650 1008 1686 nostro
1037 1645 1387 1693 inscribendum,
1417 1659 1552 1700 super
1581 1659 1672 1699 quo
1699 1643 1915 1699 speciales
1943 1658 2025 1686 nos
2038 1660 2078 1686 20

323 1717 385 1758 illi
410 1722 455 1758 et
482 1717 576 1771 ipse
602 1716 734 1758 nobis
758 1716 934 1758 litteras
949 1716 1178 1770 utrinque,
1195 1717 1325 1758 iuxta
1350 1715 1683 1758 ordinationem
1708 1720 1753 1757 et
1780 1716 2025 1758 conclusio-

323 1802 428 1829 nem
445 1793 678 1829 oratorum
694 1792 953 1829 nostrorum
970 1787 1029 1828 ad
1044 1787 1237 1829 eundem
1253 1788 1499 1829 vaivodam
1515 1787 1845 1829 mittendorum
1874 1787 2026 1828 daturi

322 1873 492 1901 sumus.
528 1859 588 1900 Et
620 1857 817 1907 interim,
844 1872 900 1900 ne
927 1871 1009 1899 nos
1040 1863 1085 1899 et
1117 1858 1212 1913 ipse
1243 1859 1288 1900 in
1320 1859 1404 1900 hac
1435 1863 1479 1899 et
1512 1859 1609 1900 aliis
1631 1858 1828 1914 pacificis
1859 1858 2026 1899 nostris

323 1935 640 1984 certarumque
664 1928 769 1970 hinc
802 1929 906 1970 inde
938 1934 1199 1970 nostrarum
1233 1929 1489 1971 actionibus
1521 1929 1836 1984 impediamur,
1869 1928 1948 1970 sed
1980 1933 2025 1970 et

323 2006 423 2043 tute
470 2014 844 2056 prosequeremur
875 2000 1154 2042 matrimonii
1201 1999 1654 2051 consummationem,
1703 1999 1886 2041 debebit
1932 2000 2026 2054 ipse
2040 2014 2078 2040 25

324 2072 536 2114 dominus
573 2071 771 2113 vaivoda
820 2071 1109 2113 industriosis
1147 2071 1238 2113 suis
1282 2071 1519 2113 effectibus
1555 2072 1744 2119 efficere,
1783 2070 1906 2125 quod
1942 2071 2027 2112 hac

324 2148 498 2185 aestate
527 2143 639 2184 nulli
667 2142 873 2184 incursus
902 2143 1197 2184 Tartarorum
1226 2146 1374 2184 essent
1404 2141 1450 2182 in
1479 2146 1622 2184 terras
1651 2146 1845 2191 nostras,
1874 2141 1954 2183 sed
1981 2146 2026 2183 et

324 2228 398 2256 eos
418 2218 598 2256 avertat
619 2213 828 2255 dominus
843 2212 1041 2255 vaivoda
1057 2226 1083 2253 a
1097 2213 1227 2254 terris
1242 2213 1407 2255 nostris
1428 2212 1559 2254 iuxta
1578 2227 1710 2255 omne
1728 2226 1859 2269 posse
1878 2226 2026 2262 suum,

324 2290 368 2327 et
389 2285 426 2326 si
446 2298 521 2327 eos
541 2289 745 2327 avertere
765 2298 856 2326 non
871 2289 1037 2340 posset,
1054 2283 1346 2326 nihilominus
1368 2283 1710 2326 matrimonium
1731 2284 1826 2326 fieri
1846 2283 2025 2332 debeat,

324 2355 455 2397 iuxta
484 2360 711 2398 tractatus
748 2359 792 2397 et
823 2355 1074 2398 secundum
1103 2359 1330 2397 tractatus
1359 2354 1650 2397 nunctiorum
1679 2359 1938 2397 nostrorum
1968 2354 2027 2395 ad
2041 2367 2079 2394 30

327 2426 564 2468 dominum
585 2427 832 2468 vaivodam
853 2427 1196 2468 mittendorum.
1221 2426 1375 2468 Etiam
1397 2425 1607 2467 dominus
1627 2426 1826 2468 vaivoda
1849 2425 1904 2467 de
1930 2424 2027 2466 aliis

325 2498 474 2546 rebus,
504 2511 620 2552 quae
648 2498 780 2539 sciret
809 2498 939 2539 nobis
969 2497 1197 2539 contraria
1225 2502 1305 2539 aut
1332 2497 1510 2545 nociva,
1539 2510 1620 2538 nos
1649 2497 2025 2552 campiductores,

326 2569 590 2623 capitaneos
629 2573 674 2610 et
714 2568 922 2611 subditos
976 2573 1157 2610 nostros
1212 2568 1551 2623 praecustodiet
1590 2572 1635 2609 et
1675 2568 1841 2610 scitum
1880 2566 2024 2609 dabit.

328 2639 572 2694 Reliquum
601 2639 738 2681 faciet
769 2640 980 2681 dominus
1007 2639 1207 2681 vaivoda
1234 2652 1289 2681 ex
1317 2638 1504 2688 virtute,
1528 2652 1645 2692 quae
1673 2639 1732 2680 ad
1760 2638 1958 2680 amicum
1981 2641 2026 2678 et

327 2709 562 2751 dominum
585 2710 884 2752 christianum
906 2711 1151 2766 pertinent,
1175 2723 1256 2764 pro
1278 2710 1399 2752 bono
1421 2709 1650 2751 communi
1672 2709 1797 2764 regni
1820 2713 1864 2750 et
1887 2712 2026 2750 terra·
2040 2720 2079 2747 35

327 2794 428 2821 rum
449 2785 721 2830 nostrarum,
737 2781 853 2822 sicut
875 2795 956 2836 pro
983 2795 1028 2823 se
1044 2785 1088 2822 et
1104 2781 1194 2822 suis
1220 2780 1349 2822 terris
1371 2780 1575 2821 facturus
1597 2785 1726 2822 esset.
1750 2779 2027 2821 Debebimus

328 2851 466 2891 etiam
494 2851 553 2892 ad
582 2851 734 2892 Sermu*
777 2852 1012 2894 dominum
1053 2852 1314 2906 Hungariae
1353 2864 1503 2905 regem
1542 2850 1587 2891 in
1628 2850 1716 2892 isto
1747 2848 2027 2891 matrimonii

329 2921 509 2974 negotio
524 2921 717 2971 mittere,
734 2922 850 2964 sicut
866 2924 950 2964 hoc
965 2922 1095 2964 nobis
1105 2922 1316 2964 convenit
1331 2921 1490 2970 facere,
1508 2920 1567 2962 ad
1580 2934 1683 2962 eum
1698 2921 1824 2962 velut
1839 2921 2027 2961 fratrem

329 2991 548 3032 seniorem
583 2996 627 3033 et
663 2992 868 3035 similiter
915 2993 974 3034 ad
1022 2994 1150 3035 mum·
1200 2993 1435 3035 dominum
1482 2991 1643 3033 ducem
1688 2990 2027 3046 Sigismundum

330 3074 472 3114 aeque
504 3062 816 3104 charissimum
848 3064 1079 3113 faciemus,
1112 3064 1201 3105 alia
1232 3069 1387 3105 autem
1419 3062 1573 3104 omnia
1603 3062 1766 3103 litteris
1796 3061 2027 3117 perpetuis
2040 3073 2080 3100 40

330 3130 447 3171 inter
480 3144 561 3172 nos
595 3132 922 3189 dominumque
955 3134 1202 3176 vaivodam
1236 3139 1280 3177 et
1315 3147 1505 3188 regnum
1539 3137 1746 3175 nostrum
1780 3136 1825 3174 et
1859 3136 2027 3174 terram
