2209 3643
154 215 215 251 25.
245 205 354 251 Junii
391 198 502 257 1475]
930 204 1005 239 No.
1032 214 1077 250 17
1803 211 1850 243 19

155 336 233 378 ubi
257 336 504 391 imperator
527 334 786 390 praedictus
810 335 1103 377 Tartarorum
1129 348 1231 376 cum
1256 348 1337 376 suo
1361 334 1561 376 exercitu
1585 347 1632 376 se
1656 335 1821 390 reperit
1844 349 1852 377 :

155 412 199 450 et
216 407 253 449 si
270 421 372 449 eum
390 420 484 448 esse
502 405 773 447 intellexeris
791 405 853 447 cis
870 406 1059 447 Tanaim
1078 419 1233 447 versus
1252 405 1534 447 Boristenem
1551 405 1647 447 sive
1665 405 1851 456 flumen,

155 478 278 534 quod
308 478 444 533 vulgo
473 477 636 519 Turlus
666 477 942 527 nominatur,
966 482 1096 518 tenta
1116 482 1161 519 et
1192 477 1332 526 effice,
1365 481 1416 519 ut
1448 477 1507 518 ad
1532 490 1636 518 eum
1666 477 1856 519 accedas

155 563 258 591 cum
294 548 458 590 litteris
493 547 660 590 nostris
696 548 1058 597 credentialibus,
1097 561 1211 603 quas
1246 548 1330 589 tibi
1368 548 1595 589 mittimus
1631 548 1854 604 alligatas,

123 630 140 656 ὃ
156 625 200 662 et
224 619 506 662 Sublimitati
530 618 646 661 Suae
667 618 845 660 declara
871 619 1046 661 venisse
1072 619 1130 660 ad
1145 619 1450 674 praesentiam
1476 623 1682 661 nostram
1708 624 1857 662 orato-

155 705 249 733 rem
272 704 404 732 suum
427 703 518 732 una
542 704 645 732 cum
656 690 866 744 Johanne
882 690 1115 745 Baptista1
1139 690 1378 732 secretario
1401 694 1571 739 nostro,
1600 704 1735 745 quem
1759 705 1856 733 ora-

156 767 316 811 torem,
355 761 526 803 intuitu
559 761 675 803 Suae
711 761 1012 810 CelsitudiniS,
1051 761 1258 803 alacriter
1294 765 1339 803 et
1376 761 1620 803 honorifice
1656 761 1857 803 vidimus

155 837 201 875 et
226 833 486 888 excepimus
507 846 514 874 :
543 836 588 874 et
614 832 805 887 cognitis
830 832 1127 887 petitionibus
1152 832 1352 874 eiusdem
1375 832 1681 874 Sublimitatis
1707 837 1857 875 orato-

156 918 251 946 rem
288 904 572 959 praedictum
610 903 943 958 expediendum
982 903 1255 953 curavimus,
1296 903 1373 958 qui
1410 903 1672 945 immediate
1707 903 1859 946 itineri

101 989 142 1017 10
158 989 203 1017 se
234 979 430 1030 exponet
462 988 564 1016 cum
595 974 728 1016 rebus
759 975 970 1016 omnibus
999 974 1257 1030 postulatis,
1289 979 1334 1016 et
1365 988 1468 1016 cum
1498 974 1673 1029 optimo
1703 975 1860 1016 ordine

158 1046 277 1088 circa
312 1046 541 1101 pecunias,
582 1050 627 1087 et
663 1045 721 1087 ad
755 1046 1061 1101 praesentiam
1095 1046 1294 1087 eiusdem
1327 1045 1632 1087 Sublimitatis
1665 1046 1855 1088 redibit:

157 1118 446 1172 hortareque,
472 1117 612 1158 suade
629 1121 673 1158 et
690 1117 910 1171 persuade
934 1116 1193 1172 praedictae
1215 1116 1510 1166 Sublimitati,
1536 1120 1588 1158 ut
1613 1116 1658 1158 in
1682 1130 1860 1158 succur-

159 1202 259 1230 sum
283 1188 520 1242 Stephani,
549 1188 585 1228 si
613 1188 730 1229 forte
758 1188 815 1229 ab
842 1188 972 1229 hoste
1011 1187 1353 1243 opprimeretur,
1394 1187 1664 1229 festinanter
1689 1188 1859 1237 veniat,

158 1259 230 1301 vel
255 1259 292 1300 si
317 1259 457 1300 etiam
480 1258 742 1314 Stephanus
766 1272 857 1300 non
882 1258 1020 1313 egerit
1046 1258 1127 1300 tali
1152 1259 1320 1300 auxilio
1344 1259 1678 1314 impraesentia,
1705 1259 1860 1301 veniat

104 1345 142 1372 15
158 1330 450 1372 nihilominus
486 1330 547 1372 ad
583 1330 879 1371 offensionem
915 1330 1168 1371 communis
1203 1330 1384 1372 inimici.

307 1401 434 1442 Haec
455 1405 523 1443 est
551 1405 708 1442 nostra
740 1414 866 1442 mens
886 1404 930 1442 et
950 1401 1178 1451 voluntas,
1201 1405 1252 1442 ut
1273 1405 1355 1442 tua
1375 1415 1510 1456 opera
1529 1401 1650 1443 idem
1669 1401 1861 1455 impera-

161 1476 234 1514 tor
267 1472 560 1514 confirmetur
592 1472 638 1513 in
659 1485 741 1513 suo
762 1472 995 1527 proposito
1028 1472 1239 1514 veniendi
1274 1472 1333 1513 ad
1366 1472 1646 1527 impresiam2
1678 1476 1724 1513 et
1758 1486 1862 1514 cum

162 1544 366 1585 exercitu
391 1543 636 1584 reducatur
663 1547 836 1597 quanto
862 1543 970 1598 ripis
998 1543 1199 1585 Danubii
1225 1543 1476 1598 proximius
1501 1543 1656 1585 reduci
1682 1548 1861 1598 potest;

163 1615 374 1656 incumbe
403 1614 540 1669 igitur
568 1614 627 1655 ad
654 1614 739 1656 hoc
767 1614 1088 1669 perficiendum
1117 1614 1364 1670 negotium,
1396 1619 1621 1669 quantum
1650 1614 1863 1669 possibile

108 1701 145 1727 20
165 1686 224 1727 sit
261 1690 306 1727 et
343 1700 446 1727 cum
482 1685 696 1741 vayvoda
732 1685 936 1727 conferto
970 1685 1229 1727 huiusmodi
1265 1690 1473 1727 nostrum
1509 1685 1781 1727 desiderium
1817 1690 1863 1727 et

164 1757 449 1806 mandatum,
472 1761 524 1799 ut
552 1756 638 1798 tibi
664 1756 723 1797 ad
749 1770 955 1798 securum
982 1756 1068 1798 iter
1095 1757 1297 1798 favorem
1326 1761 1371 1798 et
1399 1756 1619 1798 auxilium
1646 1761 1861 1811 praestet.

161 1828 207 1870 Si
239 1842 347 1870 vero
379 1841 584 1869 accessus
616 1832 723 1869 tuus
755 1827 814 1868 ad
846 1827 1038 1868 eundem
1072 1827 1392 1882 imperatorem
1425 1827 1715 1882 impossibilis
1747 1832 1863 1869 esset

163 1903 242 1941 aut
266 1903 452 1954 propter
476 1898 757 1948 distantiam,
775 1902 853 1940 aut
879 1903 1063 1953 propter
1078 1899 1213 1940 aliam
1229 1912 1426 1948 causam,
1453 1900 1505 1940 tu
1529 1913 1694 1953 quaere
1719 1904 1763 1940 et
1789 1913 1864 1941 ve-

163 1970 280 2025 stiga
313 1984 493 2012 omnem
526 1970 650 2011 viam
683 1973 728 2011 et
768 1969 954 2011 modum
986 1969 1251 2011 notificandi
1287 1969 1552 2011 Celsitudini
1583 1970 1699 2011 Suae
1733 1984 1867 2025 expe-

107 2055 146 2082 25
164 2041 383 2083 ditionem
400 2041 505 2083 hinc
524 2040 716 2082 oratoris
734 2041 829 2082 eius
847 2054 854 2082 :
877 2044 921 2082 et
941 2045 1143 2082 nostram
1165 2040 1538 2082 deliberationem
1556 2041 1867 2083 satisfaciendi

165 2113 526 2167 quibuscumque
555 2112 646 2153 suis
675 2112 932 2167 postulatis,
964 2116 1015 2153 ut
1048 2112 1286 2153 materiam
1316 2112 1483 2154 habeat
1515 2125 1562 2153 se
1591 2125 1683 2153 non
1713 2111 1867 2154 delon-

164 2183 301 2238 gandi
334 2184 392 2225 ab
425 2183 510 2225 illis
543 2183 763 2238 partibus,
798 2183 877 2224 sed
911 2183 1182 2237 expectandi
1214 2182 1386 2224 reditus
1419 2182 1640 2238 praedicti
1673 2183 1869 2224 oratoris

166 2258 210 2296 et
229 2254 625 2309 appropinquandi
642 2254 750 2296 locis
767 2253 887 2295 unde
906 2253 996 2295 cito
1014 2267 1108 2295 esse
1127 2253 1268 2308 possit
1287 2267 1423 2308 super
1438 2254 1665 2308 impresia.
1687 2254 1867 2303 Omnia,

166 2330 218 2367 ut
245 2325 455 2375 diximus,
483 2329 665 2367 tentato
689 2329 734 2367 et
761 2325 900 2366 facito
926 2339 1028 2366 curn
1053 2324 1417 2379 participatione,
1445 2338 1681 2374 consensu,
1707 2325 1867 2366 volun-

116 2411 152 2437 30
168 2401 278 2446 tate,
303 2396 459 2438 favore
481 2400 527 2438 et
551 2396 719 2438 auxilio
754 2395 1009 2451 vayvodae,
1036 2409 1170 2450 quem
1193 2395 1251 2436 ad
1274 2395 1358 2437 hoc
1381 2395 1615 2450 negotium
1637 2396 1752 2437 bene
1775 2396 1871 2437 tore

169 2467 441 2522 dispositum
458 2467 588 2509 nobis
606 2467 676 2509 sui
694 2467 980 2508 affirmarunt
1000 2471 1202 2508 oratores
1224 2480 1232 2515 ;
1269 2466 1361 2515 sed,
1382 2466 1418 2507 si
1436 2467 1553 2508 forte
1572 2467 1666 2521 ipse
1685 2467 1871 2508 alterius

170 2542 286 2580 esset
309 2538 575 2588 sententiae,
600 2543 652 2580 tu
674 2538 785 2579 nihil
808 2542 966 2579 contra
988 2551 1118 2578 suam
1140 2537 1428 2578 voluntatem
1450 2541 1632 2578 tentato
1651 2550 1658 2578 :
1684 2537 1764 2579 sed
1786 2551 1868 2579 nos

171 2609 310 2650 facito
333 2609 424 2650 tuis
447 2609 638 2664 copiosis
660 2614 705 2651 et
729 2609 956 2650 distinctis
990 2608 1152 2649 litteris
1175 2608 1385 2649 certiores
1408 2612 1505 2649 tam
1527 2608 1582 2649 de
1605 2609 1703 2658 hoc,
1730 2622 1870 2663 quam

173 2679 227 2721 de
250 2680 373 2721 omni
395 2680 483 2721 alia
506 2694 552 2721 re
575 2680 711 2735 digna
733 2685 889 2721 nostra
910 2679 1111 2721 scientia.

120 2800 156 2826 35
314 2783 379 2821 De
397 2787 520 2834 parte
542 2782 618 2822 126
637 2807 688 2812 —-
708 2783 761 2822 de
780 2795 866 2821 non
888 2793 907 2820 1
929 2806 980 2811 —
998 2794 1083 2820 non
1109 2782 1256 2820 sinceri
1277 2792 1302 2820 o

319 2881 572 2927 (Conceptus.
616 2882 806 2917 Archivio
854 2881 894 2915 di
938 2881 1064 2920 Stato,
1114 2881 1298 2915 Venezia.
1336 2879 1632 2916 Deliberazioni
1663 2880 1811 2915 Senato
1839 2881 1871 2915 I.

181 2941 279 2985 Reg.
310 2951 369 2986 27.
407 2940 475 2974 sol.
505 2941 581 2986 81.)

319 3083 333 3103 1
362 3082 592 3119 Trevisano.
683 3083 697 3104 2
717 3084 926 3118 Terminus
952 3082 1131 3117 Italicus.
