2209 3643
191 205 282 251 Jan.
308 200 417 254 1529]
951 204 1026 239 No.
1052 215 1123 251 137
1821 218 1893 253 179

192 336 364 378 Turcus
399 335 605 378 redderet
640 335 771 377 nobis
806 349 954 377 arcem
990 336 1062 378 vel
1098 335 1368 378 fortalitium
1404 335 1589 391 aliquod
1623 351 1704 392 per
1738 337 1887 393 ipsum

193 411 465 462 occupatum
486 411 531 449 et
552 419 634 448 nos
653 406 715 447 illi
735 406 780 448 in
800 407 1000 448 solutum
1021 407 1137 448 illius
1157 407 1419 449 offerremus
1439 412 1609 450 certam
1630 408 1887 463 pecuniam,

192 477 319 520 euius
350 483 527 533 partem
559 477 734 532 singulo
765 491 885 519 anno
916 478 1186 520 durantibus
1218 478 1405 520 indutiis
1436 479 1711 521 solveremus
1742 479 1815 522 vel
1847 479 1884 521 si

192 548 277 591 hoc
303 549 475 590 Turcus
500 549 654 598 nollet,
683 548 900 590 offeratur
925 562 952 590 a
977 549 1107 591 nobis
1134 549 1222 591 alia
1246 550 1540 605 pecuniarum
1566 563 1746 592 summa
1776 550 1888 604 (sive

159 631 176 657 5
192 619 331 661 etiam
357 620 470 661 arcis
495 619 684 661 alicuius
708 619 1010 675 restitutione)
1039 620 1277 662 annuatim
1302 634 1382 676 per
1405 634 1487 663 nos
1511 621 1657 662 eidem
1683 625 1887 677 tempore

191 690 417 732 dictarum
438 690 721 732 induciarum
742 691 972 740 solvenda,
996 704 1112 745 quae
1132 691 1168 732 si
1193 705 1220 732 a
1241 691 1449 734 waivoda
1482 692 1555 734 vel
1586 705 1778 747 persona
1811 692 1888 734 illa

190 765 389 816 petatur,
415 765 591 816 quanta
614 774 708 803 esse
733 761 912 811 debeat,
938 762 1141 816 designet
1165 762 1362 817 primum
1387 775 1443 817 40
1467 763 1590 804 milia
1615 763 1886 805 ducatorum

190 846 339 874 annue
368 832 703 882 solvendorum,
734 833 771 874 si
800 846 961 888 parum
991 833 1191 888 nihilque
1221 834 1283 875 eis
1312 833 1467 889 profici
1496 847 1625 889 posse
1656 838 1884 884 censeant,

189 903 429 945 ascendere
461 903 520 945 ad
551 903 621 953 60,
654 904 723 945 sin
755 904 839 945 hoc
871 904 1099 946 modicum
1132 903 1343 946 videatur
1375 904 1433 946 ad
1465 905 1534 954 80,
1568 904 1646 946 sed
1678 918 1768 946 non
1800 904 1886 946 nisi

136 987 172 1012 10
190 974 435 1017 difficulter
475 979 521 1016 et
564 979 846 1024 cunctanter,
890 974 1026 1029 idque
1068 975 1104 1016 si
1145 975 1284 1016 etiam
1327 975 1540 1030 exiguum
1583 975 1884 1026 existimetur,

189 1045 373 1088 demum
400 1046 459 1087 ad
485 1050 667 1088 centum
694 1046 829 1095 mille,
856 1059 937 1088 nec
963 1046 1083 1087 ultra
1109 1046 1170 1087 ire
1197 1046 1393 1088 debebit.

331 1117 420 1159 Sed
465 1117 502 1158 si
548 1117 806 1158 melioribus
852 1117 1188 1159 conditionibus
1233 1117 1453 1159 eiusmodi
1499 1121 1684 1172 treugae
1729 1117 1886 1159 haberi

188 1192 388 1242 possent,
410 1187 599 1229 nuntius
619 1187 738 1229 idem
760 1201 842 1243 pro
862 1187 946 1229 illis
967 1188 1257 1243 assequendis
1278 1201 1461 1243 operam
1481 1201 1610 1230 suam
1632 1188 1884 1243 impendat,

188 1259 256 1300 sin
277 1258 427 1301 minus
446 1259 703 1313 acquiescat
724 1259 822 1309 illis,
845 1272 958 1313 quas
977 1259 1113 1300 modo
1133 1259 1458 1314 praemisimus.

135 1341 171 1367 15
333 1330 394 1371 Et
429 1329 491 1371 sic
525 1330 772 1385 praemissa
805 1330 993 1371 nuntius
1027 1334 1180 1372 noster
1212 1330 1377 1372 referat
1412 1343 1492 1385 per
1524 1343 1607 1371 nos
1641 1343 1696 1371 ex
1730 1343 1884 1385 super-

187 1400 476 1442 habundanti
512 1401 621 1450 fieri,
660 1405 712 1442 ut
749 1400 869 1442 bona
906 1401 1071 1443 vicinia
1107 1406 1152 1443 et
1189 1401 1297 1443 unio
1333 1401 1451 1442 inter
1486 1414 1568 1442 nos
1604 1405 1649 1442 et
1686 1401 1885 1443 Turcum

187 1471 410 1513 coalescat
472 1472 850 1526 subditorumque
893 1476 1151 1514 nostrorum
1196 1472 1324 1526 quies
1367 1476 1413 1513 et
1457 1471 1765 1526 tranquillitas
1809 1472 1882 1522 sit,

187 1556 241 1584 eo
287 1542 451 1584 certior
513 1542 777 1597 cunctisque
823 1547 980 1598 pateat
1028 1543 1230 1584 animum
1276 1547 1483 1584 nostrum
1529 1542 1630 1597 paci
1676 1543 1884 1598 publicae

188 1613 369 1655 studere
397 1617 442 1654 et
470 1613 713 1655 inhaerere.

130 1696 170 1722 20
334 1684 519 1726 Referat
563 1684 687 1734 item,
731 1684 854 1739 quod
896 1684 1099 1726 inducias
1141 1684 1238 1726 illas
1280 1684 1453 1726 Turcus
1494 1684 1882 1734 antenominatus,

186 1754 303 1797 sicut
333 1755 603 1810 accepimus,
633 1755 868 1797 nobiscum
899 1759 1035 1797 antea
1064 1756 1215 1797 forsan
1245 1755 1354 1796 inire
1383 1768 1474 1796 non
1502 1759 1766 1805 recusasset,
1796 1755 1883 1797 nisi

186 1826 381 1867 latentes
418 1826 605 1881 quidam
646 1827 799 1868 hostes
836 1830 881 1867 et
920 1826 1164 1868 adversarii
1203 1826 1444 1868 Caesareae
1493 1819 1574 1867 Mtis
1622 1826 1883 1881 praedictae

187 1910 239 1938 ac
271 1897 415 1939 nostri
448 1901 493 1939 et
526 1897 724 1952 inclytae
758 1897 919 1938 domus
951 1897 1161 1939 Austriae
1193 1901 1375 1939 nostrae
1408 1896 1571 1951 quovis
1603 1896 1740 1938 modo
1772 1911 1883 1951 qua-

186 1981 380 2022 cumque
417 1968 581 2010 iniuria
617 1968 715 2009 illas
751 1967 874 2023 apud
910 1982 1013 2009 eum
1050 1968 1406 2023 impedivissent,
1444 1981 1536 2009 non
1573 1967 1662 2008 alia
1698 1967 1881 2022 quidem

133 2051 169 2077 25
186 2038 375 2089 ratione,
407 2053 546 2094 quarn
575 2043 627 2080 ut
660 2039 922 2081 Caesaream
952 2037 1055 2080 Mtem
1087 2039 1274 2080 tandem
1304 2038 1423 2080 bello
1452 2037 1701 2092 defatigare
1742 2042 1787 2080 et
1829 2052 1882 2080 eo

186 2109 445 2165 pertrahere
468 2114 754 2160 conarentur,
778 2114 829 2151 ut
854 2110 1163 2151 clementiores
1186 2109 1422 2164 aliquanto
1444 2113 1489 2150 et
1513 2109 1882 2164 acceptabiliores

186 2180 294 2235 ipsis
314 2184 462 2222 essent
484 2181 766 2222 conditiones
779 2181 916 2236 pacis,
940 2194 1077 2235 quam
1099 2194 1202 2222 cum
1235 2178 1309 2221 Mte
1329 2181 1419 2223 Sua
1439 2179 1628 2234 aliisque
1654 2179 1881 2222 adiunctis

186 2251 297 2292 inire
323 2251 558 2302 haberent,
586 2265 703 2307 quae
728 2251 765 2293 si
792 2265 846 2293 eo
871 2252 943 2293 vel
970 2251 1108 2293 etiam
1135 2251 1223 2292 alio
1249 2251 1386 2292 modo
1411 2251 1553 2300 fieret,
1574 2251 1773 2292 Turcum
1800 2265 1881 2306 per

186 2335 232 2364 se
270 2322 467 2377 cogitare
505 2336 649 2378 posse,
689 2327 864 2378 quanto
902 2322 1140 2364 commodo
1178 2326 1259 2364 aut
1296 2321 1585 2363 incommodo
1610 2321 1697 2363 sibi
1740 2335 1793 2362 ea
1831 2321 1878 2363 in

134 2404 171 2431 30
186 2397 418 2448 posterum
445 2407 538 2435 esse
564 2397 717 2448 queat.

331 2464 464 2519 Quod
478 2464 514 2505 si
528 2464 760 2519 praefatus
775 2464 1013 2506 Moldavus
1033 2477 1060 2504 a
1073 2463 1235 2505 nuntio
1254 2467 1410 2505 nostro
1428 2462 1662 2518 praedicto
1681 2462 1878 2517 petierit,

185 2547 296 2576 num
329 2548 385 2577 ne
418 2534 528 2590 quid
561 2548 695 2590 super
727 2534 978 2576 tractandis
1010 2534 1198 2576 indutiis
1230 2534 1315 2575 illis
1349 2548 1376 2575 a
1407 2533 1537 2575 nobis
1570 2533 1616 2574 in
1648 2533 1880 2575 mandatis

186 2604 369 2655 habeat,
392 2605 529 2655 dicat,
552 2619 598 2647 se
618 2605 823 2647 nonnihil
843 2605 982 2647 etiam
1002 2604 1244 2660 potestatis
1264 2604 1430 2646 habere
1450 2603 1535 2645 sibi
1555 2617 1690 2658 super
1709 2603 1877 2645 eisdem

186 2675 401 2730 loquendi
431 2680 475 2718 et
506 2676 543 2718 si
574 2676 894 2718 tractationem
926 2675 1145 2717 eiusmodi
1175 2675 1285 2717 inire
1315 2679 1360 2716 et
1391 2678 1622 2716 attentare
1650 2674 1793 2729 possit
1825 2688 1878 2716 ac

135 2758 169 2783 35
187 2746 310 2795 velit,
336 2746 526 2788 eandem
549 2747 607 2788 ad
630 2760 712 2789 nos
734 2747 976 2796 deferendi,
1001 2751 1052 2788 ut
1076 2746 1199 2800 quod
1221 2745 1444 2800 reliquum
1467 2745 1524 2786 sit
1548 2744 1693 2786 eidem
1715 2745 1878 2787 nuntio

188 2817 470 2859 committere
506 2818 753 2860 valeamus.

329 2887 416 2929 Sed
439 2888 476 2929 si
500 2888 740 2931 Moldavus
763 2888 873 2930 nihil
897 2900 1077 2943 prorsus
1101 2901 1146 2928 se
1171 2887 1315 2928 facere
1339 2886 1453 2928 velle
1477 2890 1558 2927 aut
1582 2899 1712 2940 posse
1737 2885 1875 2936 dicat,

186 2957 374 2999 nuntius
404 2962 557 3000 noster
586 2959 709 3001 viam
740 2963 784 3001 et
816 2958 1002 3000 modum
1034 2958 1091 2998 ab
1122 2971 1175 2998 eo
1205 2957 1449 3011 intelligere
1479 2956 1677 3005 studeat,
1711 2956 1877 3011 quibus

187 3026 390 3069 inducias
425 3029 523 3070 illas
558 3029 709 3071 fructu
744 3029 903 3071 maiori
937 3033 982 3070 et
1018 3032 1205 3082 sumptu
1239 3027 1401 3069 minori
1436 3027 1669 3082 impetrari
1704 3027 1875 3077 credat,

135 3109 170 3134 40
188 3101 268 3138 aut
295 3098 513 3152 quidnam
538 3100 611 3141 vel
637 3114 728 3154 quo
753 3104 889 3154 pacto
914 3099 960 3140 in
986 3112 1038 3140 ea
1064 3112 1109 3139 re
1136 3098 1360 3153 agendum
1386 3111 1480 3140 esse
1507 3101 1700 3147 censeat,
1728 3101 1780 3139 ut
1806 3112 1876 3140 res

189 3180 241 3208 eo
263 3167 434 3210 felicius
456 3173 501 3211 et
525 3170 748 3211 maturius
770 3170 816 3211 in
839 3169 1050 3211 effectum
1074 3169 1135 3210 ire
1157 3169 1312 3224 possit.

1657 3257 1719 3292 12*
