2209 3643
187 205 315 240 initio
345 198 457 253 1536]
963 202 1036 237 No.
1062 211 1132 246 215
1823 209 1896 244 259

193 335 327 377 ciales
365 338 656 389 caeterosque
694 333 864 375 incolas
912 337 957 375 et
995 333 1327 374 inhabitatores
1365 331 1717 385 universumque
1754 343 1896 386 popu-

192 406 288 448 lum
324 410 471 447 terrae
505 404 897 460 Transalpinensis
933 404 977 446 in
1012 418 1141 446 suam
1176 403 1371 458 gratiam
1407 402 1575 458 regiam
1612 401 1896 456 tutelamque

192 481 238 519 et
264 476 594 532 protectionem
619 474 817 530 suscepit
853 488 1024 529 nosque
1056 475 1099 516 in
1124 474 1325 516 dominio
1348 478 1393 516 et
1419 472 1670 515 vaivodatu
1694 471 1894 514 eiusdem

194 552 340 589 terrae
371 546 672 595 confirmavit,
704 545 1003 601 promisitque
1032 560 1086 587 ex
1115 545 1263 599 gratia
1290 558 1373 586 sua
1401 543 1584 600 speciali
1613 548 1658 585 et
1687 543 1896 585 bonitate

153 618 408 673 5singulari
438 631 520 660 nos
550 630 602 658 ac
632 617 886 672 boyarones
916 620 1095 659 nostros
1125 616 1414 664 consiliarios,
1447 615 1634 664 nobiles,
1681 614 1894 656 officiales

192 694 486 744 caeterosque
541 687 710 729 incolas
765 692 810 729 et
866 687 1199 729 inhabitatores
1266 687 1619 741 universumque
1674 685 1893 741 populum

190 760 486 816 ipsorumque
533 759 748 802 haeredes
810 762 854 800 et
916 759 1208 814 posteritates
1268 762 1510 813 totamque
1558 758 1675 799 hanc
1723 761 1893 799 terram

190 831 615 886 Transalpinensem
651 830 697 871 in
733 830 942 871 omnibus
964 830 1047 871 illis
1068 829 1268 884 antiquis
1302 827 1604 877 libertatibus,
1642 827 1813 870 iuribus
1848 831 1893 869 et

191 903 322 945 bonis
361 901 781 949 consuetudinibus,
828 901 993 956 quibus
1032 902 1252 942 hactenus
1304 900 1373 941 usi
1412 912 1568 941 sumus
1625 903 1670 941 et
1728 898 1893 954 quibus

136 987 175 1013 io
191 974 383 1016 maiores
408 977 453 1015 et
478 973 841 1028 praedecessores
865 972 1022 1021 nostri,
1049 972 1127 1027 qui
1160 971 1338 1026 regibus
1376 969 1638 1026 Hungariae
1664 974 1708 1011 et
1731 970 1893 1012 Sacrae

190 1045 392 1087 eiusdem
424 1058 616 1086 coronae
648 1044 843 1086 fideliter
873 1043 1125 1086 servierunt
1157 1042 1226 1085 usi
1257 1046 1302 1084 et
1334 1041 1478 1097 gavisi
1509 1046 1631 1090 sunt,
1664 1045 1817 1083 tenere
1847 1045 1893 1082 et

188 1129 470 1158 conservare.
506 1116 710 1171 Quorum
743 1128 916 1169 nosque
950 1114 1101 1156 Radul
1134 1113 1333 1156 vaivoda
1366 1112 1559 1167 vestigia
1591 1112 1814 1154 maiorum
1848 1116 1893 1153 et

189 1187 583 1243 praedecessorum
629 1190 902 1235 nostrorum,
950 1190 1001 1227 ut
1028 1184 1341 1240 praemisimus
1388 1184 1689 1233 inhaerentes,
1735 1182 1893 1225 habito

190 1262 372 1300 maturo
406 1257 592 1299 consilio
626 1261 672 1299 et
707 1270 928 1299 consensu
960 1255 1270 1311 praefatorum
1303 1255 1587 1311 boyaronum
1616 1258 1660 1296 et
1688 1253 1892 1296 consilia-

132 1342 175 1368 15
190 1329 360 1371 riorum
398 1332 673 1377 nostrorum,
713 1327 1003 1383 promisimus
1041 1331 1086 1369 et
1125 1326 1435 1381 promittimus
1475 1326 1520 1367 in
1559 1325 1698 1367 verbo
1735 1329 1891 1367 nostro

189 1399 419 1442 vaivodali
448 1399 656 1455 praefato
682 1399 808 1441 Sermo
838 1398 1024 1440 domino
1055 1401 1212 1439 nostro
1252 1397 1436 1439 domino
1467 1395 1768 1444 Ferdinando,
1798 1395 1891 1450 regi

190 1470 453 1527 Hungariae
483 1470 845 1524 haeredibusque
875 1469 967 1511 suis
998 1469 1162 1511 tuturis
1183 1472 1228 1509 et
1243 1467 1588 1516 successoribus,
1620 1466 1889 1509 haeredibus

190 1531 453 1597 Hungariae
478 1555 531 1583 ac
553 1541 716 1583 Sacrae
742 1540 943 1582 eiusdem
970 1553 1161 1582 coronae
1185 1539 1309 1595 regni
1334 1538 1548 1594 praelatis
1573 1541 1618 1580 et
1644 1537 1890 1579 baronibus

189 1613 314 1668 regni
338 1612 689 1669 proceribusque
714 1626 765 1653 ac
790 1611 878 1653 toti
902 1624 1038 1666 regno
1065 1610 1326 1666 Hungariae
1350 1609 1439 1651 fide
1463 1612 1620 1651 nostra
1644 1608 1891 1650 christiana

128 1696 172 1722 ρο
190 1684 435 1733 mediante,
465 1683 589 1738 quod
616 1683 856 1725 simulcum
885 1682 1053 1724 eisdem
1081 1681 1325 1737 praedictis
1345 1679 1654 1735 boyaronibus
1683 1683 1729 1721 et
1750 1679 1894 1721 consi·

190 1755 341 1805 liariis,
369 1754 609 1804 nobilibus,
637 1753 906 1796 officialibus
943 1753 1219 1807 caeterisque
1251 1752 1406 1793 incolis
1431 1755 1476 1793 et
1502 1750 1890 1793 inhabitatoribus

189 1826 402 1868 omnibus
421 1825 723 1880 universoque
756 1824 924 1880 populo
957 1828 1001 1866 et
1023 1828 1124 1865 tota
1156 1827 1277 1865 terra
1296 1821 1680 1877 Transalpinensi,
1703 1835 1730 1863 a
1751 1821 1890 1864 modo

190 1897 403 1952 deinceps
433 1897 580 1939 eidem
623 1896 807 1938 domino
838 1895 926 1951 regi
960 1894 1248 1937 Ferdinando
1278 1899 1323 1936 et
1355 1893 1685 1935 successoribus
1715 1893 1807 1934 suis
1839 1907 1891 1934 ac

191 1981 328 2023 regno
361 1968 623 2023 Hungariae
663 1967 850 2022 eiusque
886 1967 1049 2008 Sacrae
1089 1979 1281 2007 coronae
1321 1964 1630 2006 omnimodam
1670 1963 1806 2005 fidem
1845 1968 1891 2005 et

130 2051 174 2078 25
191 2039 462 2081 fidelitatem
489 2052 540 2081 ac
567 2038 876 2080 obedientiam
901 2037 996 2079 sine
1023 2037 1142 2078 omni
1160 2036 1265 2078 dolo
1290 2040 1335 2077 et
1362 2035 1522 2077 fraude
1548 2034 1891 2076 observabimus

190 2110 427 2166 eidemque
453 2113 675 2166 perpetuo
694 2109 890 2150 fideliter
915 2108 1161 2150 serviemus
1187 2111 1326 2162 atque
1352 2106 1410 2148 ad
1435 2105 1629 2148 eundem
1655 2105 1891 2147 dominum

190 2195 340 2236 regem
390 2181 576 2236 eiusque
620 2193 896 2222 successores
942 2180 1119 2234 Regum
1149 2177 1411 2232 Hungariae
1463 2177 1740 2231 Sacramque
1795 2175 1890 2218 eius

190 2266 406 2294 coronam
433 2251 671 2294 audiemus
698 2254 743 2293 et
772 2250 1062 2292 attendemus
1089 2252 1134 2291 et
1162 2261 1398 2304 nunquam
1426 2247 1485 2289 ab
1512 2247 1684 2289 eisdem
1712 2260 1890 2302 separa-

190 2323 372 2373 bimur;
399 2322 689 2378 promisimus
715 2322 856 2364 etiam
882 2321 967 2363 sub
994 2320 1152 2362 eadem
1178 2319 1267 2361 fide
1292 2322 1450 2360 nostra
1476 2317 1724 2360 christiana
1751 2321 1890 2372 atque

128 2405 173 2431 ,30
191 2394 276 2436 sub
313 2394 484 2436 honore
521 2397 567 2435 et
598 2392 887 2435 humanitate
920 2391 1101 2440 nostris,
1135 2390 1258 2446 quod
1296 2389 1451 2432 amicis
1486 2389 1603 2431 Suae
1635 2388 1889 2430 Maiestatis

190 2464 339 2514 amici,
374 2464 566 2506 inimicis
597 2477 704 2506 vero
726 2463 896 2505 inimici
916 2463 1159 2517 hostesque
1191 2461 1357 2503 erimus
1389 2473 1441 2502 ac
1474 2459 1669 2515 insuper,
1703 2459 1888 2514 quando

191 2535 275 2577 Dei
299 2535 469 2577 auxilia
491 2534 750 2591 praefatum
774 2534 1009 2576 dominum
1032 2531 1370 2574 Ferdinandum
1394 2534 1474 2572 aut
1497 2530 1592 2572 eius
1614 2543 1888 2572 successores

189 2611 352 2648 contra
390 2606 544 2648 hostes
582 2605 686 2648 fidei
727 2610 772 2647 et
812 2604 936 2660 regni
962 2603 1238 2658 Hungariae,
1279 2601 1544 2657 praesertim
1583 2614 1691 2643 vero
1730 2605 1889 2642 contra

191 2677 441 2719 Turcarum
484 2681 530 2718 et
572 2677 869 2719 Tartarorum
913 2675 1233 2730 imperatorem
1270 2686 1397 2714 arma
1429 2685 1604 2713 sumere
1640 2671 1713 2713 vel
1755 2684 1887 2713 suum

130 2758 174 2784 35
193 2747 485 2803 capitaneum
531 2747 712 2790 mittere
760 2745 1014 2800 contigerit,
1061 2758 1143 2787 nos
1188 2743 1484 2799 personaliter
1529 2756 1632 2784 curn
1678 2741 1888 2784 omnibus

192 2818 501 2872 boyaronibus
521 2818 717 2860 subditis
738 2817 966 2860 nobilibus
996 2820 1040 2857 et
1070 2814 1290 2857 universis
1319 2813 1590 2855 militaribus
1620 2812 1759 2868 copiis
1786 2826 1887 2854 nos-

193 2889 274 2930 tris
298 2902 435 2944 penes
458 2889 576 2931 vires
599 2903 703 2931 suas
728 2888 773 2930 in
798 2887 1017 2930 auxilium
1046 2886 1281 2928 veniemus
1304 2890 1349 2926 et
1375 2884 1434 2926 ad
1457 2885 1592 2926 finem
1616 2896 1759 2938 usque
1782 2883 1887 2925 belli

193 2959 385 3002 fideliter
419 2973 470 3002 ac
505 2964 768 3002 constanter
801 2957 1188 3014 perseverabimus
1223 2960 1361 3011 atque
1395 2958 1554 2996 contra
1587 2954 1740 2995 hostes
1771 2953 1888 2996 Suae

193 3029 446 3072 Maiestatis
491 3031 807 3086 pugnabimus.
844 3027 1136 3070 Promisimus
1181 3026 1320 3068 etiam
1354 3030 1398 3068 et
1431 3024 1742 3081 promittimus
1771 3023 1888 3066 Suae

129 3111 175 3136 40
194 3100 436 3149 Maiestati,
481 3101 604 3156 quod
636 3102 788 3142 hostes
820 3113 924 3141 suos
944 3103 988 3140 et
1022 3098 1158 3151 regni,
1191 3096 1454 3152 praesertim
1486 3095 1687 3137 infideles
1717 3095 1886 3137 Turcas

195 3184 273 3224 per
299 3185 486 3225 regnum
511 3176 719 3213 nostrum
746 3175 905 3212 contra
930 3169 1217 3211 Maiestatem
1241 3167 1378 3209 Suam
1405 3172 1450 3209 et
1471 3166 1565 3208 eius
1585 3179 1720 3221 regna
1741 3169 1887 3207 trans-

1676 3253 1738 3298 17*
