2209 3643
305 216 355 250 40
1071 201 1147 234 No.
1170 202 1218 244 36
1648 194 1722 250 [18.
1755 199 1858 234 Nov.
1896 201 1991 245 1485

306 335 449 377 nostri
473 333 749 389 pertinentes
773 336 817 372 et
842 331 960 372 inter
983 330 1092 371 alios
1116 329 1323 371 subditos
1346 333 1524 371 nostros
1546 329 1802 372 waivodam
1825 330 1996 372 Molda-

307 406 407 447 viae
441 405 573 446 simul
608 417 709 444 cum
745 415 797 443 ea
832 406 931 442 tota
965 400 1198 455 provincia
1233 400 1278 441 in
1312 404 1493 455 treugas
1527 399 1802 451 inclusimus,
1838 415 1996 443 verum

308 476 344 517 is
378 475 472 517 sive
506 487 641 516 suasu
677 473 867 514 aliorum
901 484 992 512 non
1012 476 1133 512 recte
1158 471 1504 520 consulentium,
1532 470 1626 512 sive
1646 471 1828 526 proprio
1854 485 1995 527 usque

308 545 490 587 consilio
535 548 693 585 contra
738 541 1051 583 iusiurandum
1096 546 1317 591 nostrum,
1365 542 1488 596 quod
1533 541 1595 582 illi
1641 542 1818 584 Caesari
1863 556 1997 598 super

307 621 566 670 treugarum
593 613 897 661 observantia,
926 617 977 654 ut
1004 612 1099 654 fieri
1126 613 1253 662 solet,
1282 612 1605 668 praestitimus,
1622 612 1667 654 in
1682 613 1850 668 treugis
1876 617 1996 655 stare
2030 627 2047 653 5

307 686 530 728 recusavit
562 689 605 726 et
635 685 869 727 Caesarem
888 684 1037 738 ipsum
1056 683 1192 725 variis
1211 684 1256 725 in
1276 683 1369 725 dies
1388 683 1553 739 spoliiS,
1575 683 1757 739 rapinis,
1790 683 1997 726 incendio

307 757 494 812 aliisque
517 756 689 797 iniuriis
713 760 880 796 temere
905 755 1103 809 affligere
1126 754 1274 810 coepit
1296 768 1304 804 ;
1331 760 1516 810 propter
1539 754 1662 809 quod
1686 754 1757 797 ille
1781 768 1997 810 provoca-

307 832 382 869 tus
417 827 641 882 quaedam
677 831 825 868 castra
859 825 1093 867 waivodae
1128 825 1267 880 ipsius
1303 825 1534 867 obsidione
1569 825 1724 867 cinxit.
1763 826 1857 867 Nos
1891 839 1998 867 vero

307 912 385 953 per
405 898 659 939 waivodam
683 897 847 939 avisati
869 901 914 938 et
938 897 996 938 ad
1018 896 1253 938 ferendum
1276 896 1526 938 subsidium
1549 896 1767 951 requisiti,
1791 896 1998 951 protinus

308 969 473 1024 copiaS,
517 982 630 1023 quas
671 968 716 1009 in
757 967 1095 1009 Transsilvania
1136 967 1391 1009 Moldaviae
1433 967 1714 1009 contermina
1767 967 1998 1009 alebamus
2013 981 2047 1007 10

307 1044 351 1081 et
382 1040 515 1081 simul
545 1053 644 1081 eam
668 1044 816 1081 totam
837 1038 1119 1094 provinciam
1143 1038 1527 1080 Transsilvaniam
1558 1038 1617 1080 ad
1646 1038 1998 1080 succurrendum

309 1111 394 1166 ipsi
422 1111 654 1152 waivodae
683 1110 958 1164 delegimus;
989 1109 1100 1151 alias
1128 1109 1267 1151 etiarn
1296 1113 1465 1164 gentes,
1496 1122 1609 1164 quas
1638 1109 1790 1151 subito
1819 1123 1999 1164 compa-

307 1196 404 1224 rare
427 1181 672 1237 potuimus,
698 1195 796 1222 sero
818 1195 1015 1235 namque
1039 1180 1093 1222 de
1116 1194 1265 1222 rerum
1289 1185 1415 1222 statu
1437 1180 1649 1222 nuntium
1674 1180 1863 1221 allatum
1887 1179 1999 1221 exti-

309 1253 379 1303 tit,
419 1267 521 1294 cum
559 1252 746 1307 ingeniis
784 1256 828 1293 et
867 1252 1054 1294 caeteris
1091 1251 1260 1294 bellicis
1297 1251 1632 1306 impedimentis
1669 1250 1996 1306 praemisimus,

307 1338 423 1379 quae
444 1324 533 1365 iam
555 1323 599 1364 in
620 1323 1004 1365 Transsilvaniam
1025 1337 1168 1378 usque
1188 1326 1539 1378 penetraverant
1560 1336 1569 1371 ;
1592 1326 1636 1363 et
1659 1322 1767 1363 dum
1788 1335 1998 1377 persona-
2013 1334 2048 1361 15

313 1396 414 1437 liter
436 1395 573 1436 etiam
597 1409 699 1436 cum
724 1394 933 1435 omnibus
956 1394 1127 1436 viribus
1150 1408 1255 1443 una,
1281 1407 1394 1448 quas
1417 1393 1616 1447 undique
1640 1393 1842 1448 colligere
1866 1396 1998 1447 potu-

308 1467 436 1515 imus,
470 1466 663 1507 millius
695 1465 913 1507 auxilium
945 1465 1164 1521 proficisci
1195 1477 1440 1520 speramus,
1475 1464 1656 1518 iamque
1687 1464 1732 1505 in
1763 1463 1999 1519 procinctu

308 1550 476 1586 sumus,
510 1537 681 1578 interea
712 1537 921 1578 certiores
952 1537 1183 1578 reddimur
1212 1538 1381 1578 Turcos
1412 1540 1560 1576 castra
1591 1535 1688 1590 ipsa
1719 1547 1999 1590 expugnasse

309 1614 353 1650 et
379 1608 543 1650 relictis
569 1608 613 1649 in
640 1607 701 1649 eis
726 1607 959 1663 praesidiis
985 1608 1043 1649 ad
1068 1608 1249 1663 propria
1273 1619 1506 1649 remeasse.
1535 1606 1737 1647 Tandem
1763 1619 1870 1648 vero
1896 1618 1999 1646 cum

309 1684 482 1721 aestate
524 1679 705 1720 defluxa
746 1692 888 1720 novas
930 1693 1033 1721 cum
1074 1679 1220 1721 Turco
1262 1678 1385 1734 pacis
1426 1677 1710 1719 sufferentias
1751 1677 2047 1725 firmamus‚2o

308 1750 561 1792 waivodam
586 1750 843 1805 praefatum
869 1754 913 1791 et
938 1750 1148 1805 reliquias
1184 1750 1310 1791 cuius
1339 1748 1550 1804 perniciei
1574 1761 1726 1790 rursus
1750 1748 1795 1788 in
1819 1752 2000 1801 treugas

309 1822 452 1862 instar
484 1821 673 1862 aliorum
706 1821 1008 1862 dominiorum
1040 1826 1298 1862 nostrorum
1331 1819 1604 1861 inclusimus.
1637 1819 1724 1860 Sed
1756 1832 1858 1860 cum
1890 1818 2000 1859 haec

310 1897 519 1947 aguntur,
550 1892 722 1933 interea
747 1892 1063 1933 Serenissimus
1093 1892 1302 1933 dominus
1330 1905 1409 1933 rex
1439 1890 1664 1939 Poloniae,
1708 1889 1786 1944 qui
1826 1901 2001 1943 semper

310 1963 510 2005 dominia
532 1968 689 2005 nostra
713 1963 856 2004 ambit
881 1968 925 2004 et
950 1963 1010 2004 ad
1033 1962 1107 2003 illa
1131 1962 1342 2004 omnibus
1357 1962 1530 2003 technis
1554 1961 1738 2016 aspirat,
1755 1973 1801 2001 se
1825 1959 1880 2000 de
1903 1959 1999 2014 ipso

309 2034 493 2075 subdito
514 2038 670 2075 nostro
690 2033 888 2088 ingessit,
914 2038 958 2075 et
981 2034 1092 2075 data
1113 2034 1174 2074 illi
1195 2047 1273 2088 spe
1294 2032 1495 2081 subsidii,
1519 2032 1642 2087 quod
1662 2031 1811 2086 ipsum
1832 2030 1999 2071 scilicet
2014 2043 2052 2069 25

309 2119 398 2146 non
423 2105 558 2146 modo
583 2110 756 2146 tutaret
782 2110 826 2146 et
851 2109 1181 2153 manuteneret,
1207 2104 1285 2146 sed
1309 2104 1449 2145 etiam
1473 2107 1622 2144 castra
1646 2105 2000 2144 commemorato

310 2176 462 2217 ordine
486 2176 722 2231 deperdita
746 2190 772 2217 a
796 2176 1005 2217 manibus
1028 2176 1276 2217 Tuscorum
1300 2178 1597 2229 recuperaret,
1623 2187 1727 2214 eum
1751 2186 1778 2214 a
1800 2171 1930 2213 nobis
1953 2175 1997 2212 et

310 2246 567 2288 obedientia
610 2251 765 2288 nostra
807 2246 1040 2296 subduxit,
1086 2251 1130 2288 et
1174 2250 1332 2288 contra
1374 2250 1558 2286 mutuas
1600 2243 1912 2298 inscriptiones
1954 2246 1999 2283 et

313 2317 426 2358 inita
452 2318 645 2367 foedera,
675 2323 832 2360 contra
859 2317 1185 2366 iusiurandum,
1215 2330 1304 2371 quo
1331 2316 1460 2357 nobis
1487 2320 1532 2357 et
1559 2329 1695 2369 regno
1722 2319 1877 2356 nostro
1903 2317 2000 2354 tam

310 2388 516 2429 waivoda
542 2389 786 2443 praefatus,
815 2403 953 2444 quam
986 2388 1127 2430 etiam
1154 2387 1518 2443 praedecessores
1543 2386 1612 2427 sui
1637 2399 1812 2440 semper
1826 2383 2050 2425 astricti30

311 2458 509 2507 fuerunt,
537 2459 680 2500 eidem
708 2464 895 2514 accepto
921 2459 979 2500 ab
1005 2459 1102 2514 ipso
1127 2461 1349 2513 perpetuo
1373 2456 1608 2498 fidelitatis
1632 2454 1857 2510 homagio,
1879 2453 2003 2508 quod

305 2530 404 2571 >iure
446 2534 490 2571 et
532 2530 652 2571 licite
694 2530 840 2572 facere
881 2543 1027 2585 neque
1069 2530 1234 2585 potuit,
1279 2541 1424 2583 neque
1467 2527 1638 2575 debuit,
1683 2525 2002 2568 investituram

313 2600 619 2655 sollempniter
649 2602 872 2651 contulit;
907 2614 998 2656 quo
1029 2600 1204 2643 factum
1229 2603 1313 2648 est,
1342 2603 1393 2641 ut
1414 2598 1486 2640 ille
1517 2601 1699 2652 treugas
1730 2596 2000 2653 praedictaS‚

313 2671 445 2712 sicuti
465 2671 601 2726 prius,
624 2672 688 2714 ita
709 2674 847 2715 etiam
869 2672 1092 2727 posterius
1112 2672 1158 2713 in
1178 2685 1256 2726 spe
1277 2670 1483 2727 promissi
1503 2668 1691 2710 subsidii
1712 2667 2000 2722 contempsit,

313 2747 357 2783 et
397 2742 545 2783 factus
584 2743 845 2785 insolentior
883 2743 1080 2785 Tuscum
1120 2743 1207 2785 alio
1246 2742 1474 2784 intentum
1514 2743 1559 2780 et
1597 2739 1889 2781 nihilominus
1927 2737 2002 2779 illo
2019 2750 2053 2776 35

313 2812 586 2863 molientem,
614 2827 791 2857 rumore
815 2815 871 2856 de
896 2814 1169 2856 Polonorum
1195 2813 1399 2855 adventu
1423 2810 1655 2859 comitato,
1683 2809 1813 2865 quasi
1837 2809 1892 2850 de
1916 2807 2002 2849 illis

313 2888 545 2932 terrerent,
591 2890 749 2928 contra
791 2899 837 2926 se
879 2888 923 2925 et
968 2885 1112 2940 ipsam
1156 2883 1436 2940 provinciam
1478 2882 1675 2924 secundo
1718 2879 1999 2935 provocavit.

313 2952 526 3003 Accessit,
573 2957 696 3009 quod
739 2957 971 3011 praefatus
1016 2956 1226 2998 dominus
1272 2956 1370 2996 Rex
1415 2953 1474 2995 ad
1518 2951 1871 2995 ostentationem
1917 2949 2003 3004 ipsi

313 3022 545 3066 waivodae
570 3025 837 3075 faciendam,
865 3026 1011 3068 missis
1037 3027 1095 3069 ad
1120 3027 1317 3068 Turcum
1343 3023 1610 3072 oratoribus,
1638 3022 1763 3063 illum
1789 3025 1999 3076 rogatum

314 3093 488 3143 habuit,
524 3109 613 3149 quo
647 3098 704 3138 ab
737 3097 876 3152 ipsius
908 3098 1141 3140 waivodae
1175 3096 1458 3152 impetitione
1492 3094 1738 3136 abstineret
1772 3096 1817 3133 et
1851 3095 2000 3133 castra
2013 3104 2048 3129 40

315 3169 500 3219 ΓθΟθΡῒὲὶ,
514 3166 733 3216 redderet,
756 3168 923 3223 quippe
943 3182 1050 3210 suus
1071 3173 1186 3210 esset
1207 3166 1416 3209 subditus
1437 3181 1446 3216 ;
1469 3170 1513 3207 et
1533 3164 1618 3206 nisi
1638 3163 1820 3212 faceret,
1842 3166 2001 3204 tantae
