2209 3643
214 188 250 220 6.
283 185 374 231 Jan.
411 180 520 235 1508]
981 186 1056 220 No.
1078 186 1139 220 68.
1864 185 1912 229 85

216 330 328 358 sona
361 316 629 372 Spectabilis
670 321 713 358 et
757 317 983 372 Magnifici
1030 317 1200 359 domini
1241 317 1447 372 Bogdani
1488 316 1710 359 vaivodae
1743 316 1915 357 Molda-

218 387 398 436 viensis,
425 387 596 429 domini
620 387 834 442 ipsorum.

365 459 538 500 Datum
560 463 724 513 quarto
745 458 816 500 die
837 459 924 501 diei
945 459 1223 501 executionis
1243 463 1553 515 praenotatae.
1576 459 1709 500 Anno
1731 457 1916 500 Domini

218 530 494 584 supradicto.

185 624 202 649 5
445 624 696 669 (Conceptus.
727 624 922 670 Orszagos
952 625 1149 665 Leveltar,
1183 626 1401 670 Budapest.
1434 624 1497 658 Dl.
1530 624 1683 669 30513.)

1025 777 1092 818 68.

741 888 884 935 Euda,
928 888 966 928 6.
1009 887 1226 941 januarii
1268 887 1394 939 1508.

364 977 620 1017 'Wladislaus
638 978 694 1018 ΙΙ.
713 991 785 1017 rex
803 979 1046 1029 Hungariae
1062 992 1138 1031 pro
1157 978 1339 1017 Radulio
1356 977 1539 1016 vaivoda
1556 976 1795 1016 Valachiae.

368 1077 401 1130 J
405 1091 566 1118 oannes
600 1077 820 1131 ΤΙιανεΖα)7
851 1078 1031 1119 remissa
1063 1092 1157 1119 arce
1190 1078 1379 1132 Algyo‘gy
1410 1077 1458 1118 in
1489 1076 1692 1118 comitatu
1722 1076 1769 1116 H
1772 1075 1921 1128 zmyczd

166 1168 203 1194 10
221 1148 322 1196 sita,
355 1162 464 1203 quae
497 1148 545 1189 ob
576 1149 829 1203 praestitam
860 1149 1107 1200 fidelitatem
1136 1149 1282 1190 Radztl
1313 1148 1517 1189 vaz'vodcze
1554 1147 1788 1189 Valaclziae
1819 1147 1921 1187 data

222 1223 294 1268 est,
319 1222 398 1273 pro
424 1231 535 1272 7000
559 1220 735 1269 florenis
759 1234 898 1261 arcem
918 1220 1054 1270 Omni,
1071 1220 1272 1261 similiter
1296 1220 1344 1261 in
1368 1219 1415 1260 H
1418 1219 1567 1272 mzyad
1590 1218 1735 1267 sitam,
1761 1217 1922 1273 accipit

222 1303 247 1330 a
280 1304 383 1345 rege.

368 1386 461 1427 Nos
483 1385 768 1435 wladislaus,
792 1386 874 1427 Dei
895 1386 1041 1440 gratia
1075 1400 1152 1427 rex
1190 1385 1449 1440 Hungariae
1470 1391 1515 1427 et
1552 1385 1796 1426 Bohemiae
1832 1389 1919 1426 etc.

222 1456 464 1498 Memoriae
495 1457 865 1498 commendamus
895 1463 1050 1499 tenore
1080 1457 1388 1512 praesentium
1411 1456 1731 1511 significantes,
1755 1455 1923 1510 quibus

170 1547 207 1572 15
223 1527 405 1582 expedit
435 1527 668 1576 universis,
699 1528 821 1582 quod
850 1528 952 1570 licet
982 1542 1063 1569 nos
1084 1528 1299 1583 superiori
1330 1542 1449 1569 311110
1470 1527 1699 1569 recensitis
1726 1526 1922 1568 servitiis

224 1599 323 1648 illis,
334 1613 450 1653 quae
466 1598 612 1640 fidelis
626 1604 779 1640 noster
789 1599 1004 1654 Egregius
1015 1600 1247 1653 Johannes
1261 1600 1494 1654 Tharczay
1521 1599 1575 1640 de
1590 1598 1919 1646 Thothselmes,

226 1674 420 1725 protunc
465 1683 614 1711 comes
644 1669 895 1711 Siculorum
927 1676 1199 1719 nostrorum,
1233 1670 1363 1711 nobis
1384 1675 1427 1711 et
1457 1669 1560 1711 huic
1595 1683 1732 1724 regno
1765 1674 1924 1710 nostro

227 1741 414 1783 diversis
435 1755 486 1782 ac
507 1741 766 1783 necessariis
786 1741 831 1782 in
851 1741 984 1782 rebus
1005 1741 1230 1795 variisque
1251 1741 1360 1782 item
1381 1740 1662 1795 temporibus
1682 1740 1920 1795 impendit,

226 1812 359 1854 simul
390 1811 530 1854 etiam
561 1817 758 1866 quantas
790 1817 833 1854 et
867 1826 1004 1866 quam
1037 1811 1308 1867 multiplices
1339 1825 1558 1866 expensas
1572 1815 1616 1852 et
1633 1815 1845 1866 sumptus
1876 1811 1923 1852 in

172 1902 208 1928 20
226 1884 395 1926 eisdem
415 1883 610 1925 servitiis
631 1883 796 1925 nostris
816 1888 860 1925 et
882 1883 1005 1938 regni
1026 1883 1251 1937 variisque
1272 1882 1607 1930 officiolatibus,
1625 1896 1738 1936 quos
1753 1896 1779 1923 a
1792 1881 1924 1924 nobis

227 1955 390 2003 tenuit,
413 1954 611 1996 maxime
632 1968 753 2003 vero,
777 1968 918 2008 quum
940 1955 1107 1996 honore
1129 1954 1373 1996 comitatus
1391 1953 1643 1995 Siculorum
1664 1958 1924 1994 nostrorum

228 2041 254 2068 a
287 2026 417 2068 nobis
451 2026 726 2080 fungeretur,
769 2025 827 2066 ob
860 2025 1225 2067 nonsolutionem
1258 2024 1407 2065 salarii
1453 2023 1521 2065 sui
1554 2023 1708 2065 fecerit
1743 2028 1788 2066 et
1822 2037 1924 2078 pro-

229 2097 413 2146 fuderit,
433 2097 563 2139 130110
575 2096 833 2138 inanimum
851 2101 1130 2144 revocantes,
1151 2109 1253 2137 cum
1272 2095 1429 2136 eodem
1447 2095 1657 2148 Johanne
1675 2095 1924 2150 Tharczay,

227 2173 329 2223 post
359 2168 530 2210 13013111
559 2182 693 2223 super
722 2167 886 2209 debitis
913 2167 1018 2215 suis,
1050 2167 1213 2221 quibus
1241 2166 1387 2208 eidem
1415 2171 1513 2207 13111
1542 2165 1587 2206 111
1615 2170 1784 2207 sortem
1812 2165 1924 2207 dicti

173 2256 209 2282 25
228 2239 377 2281 salarii
409 2239 491 2287 sui,
527 2253 665 2293 quam
697 2238 873 2280 ratione
899 2238 1233 2293 praedictorum
1248 2236 1535 2278 servitiorum
1550 2249 1735 2277 suorum
1758 2236 1926 2291 obliga-

227 2310 390 2351 bamur
417 2310 777 2359 calculationem,
805 2310 992 2351 tandem
1020 2309 1065 2350 in
1080 2308 1317 2350 duodecim
1348 2307 1529 2349 milibus
1543 2307 1831 2356 florenorum,
1869 2322 1924 2349 ex

229 2395 320 2436 quo
335 2381 457 2422 illam
493 2381 552 2423 ob
587 2381 700 2423 alias
735 2394 894 2436 graves
930 2385 974 2422 et
1011 2380 1214 2435 ingentes
1229 2384 1406 2420 nostras
1422 2383 1465 2420 et
1480 2378 1605 2433 regni
1619 2378 1761 2420 nostri
1776 2392 1926 2420 neces-

229 2452 388 2493 sitates
403 2456 598 2506 protunc
628 2452 673 2493 in
690 2456 853 2507 parata
868 2450 1059 2506 pecunia
1074 2450 1158 2505 ipsi
1171 2449 1372 2504 Johanni
1387 2450 1619 2504 Tharczay
1634 2463 1925 2503 nequaquam

229 2523 496 2577 persolvere,
524 2523 605 2564 sed
631 2537 712 2565 nec
739 2523 869 2564 aliter
895 2522 1043 2577 ipsum
1082 2525 1347 2563 contentare
1385 2519 1632 2575 potuimu5‚
1675 2534 1765 2574 quo
1803 2533 1926 2561 secu-

177 2610 212 2636 30
228 2607 304 2634 1115
324 2593 378 2635 (10
396 2593 678 2636 rehabitione
700 2593 993 2648 pecuniarum
1012 2606 1195 2633 suarum
1215 2606 1242 2633 a
1260 2591 1389 2633 nobis
1407 2591 1682 2639 redderetur,
1704 2590 1926 2645 oppidum

229 2669 437 2706 nostrum
471 2664 655 2720 Aldyod
684 2670 915 2713 vocaturn,
947 2664 991 2705 in
1030 2663 1252 2704 comitatu
1290 2661 1618 2717 Hunyadiensi,
1646 2661 1693 2703 in
1718 2661 1926 2716 partibus

230 2735 398 2777 scilicet
435 2735 560 2790 regni
588 2734 732 2778 nostri
756 2734 1086 2777 Transsilvanis
1114 2733 1338 2781 habitum,
1368 2733 1426 2774 ad
1452 2746 1533 2774 nos
1562 2737 1659 2773 tam
1696 2746 1775 2786 per
1803 2732 1926 2773 viam

231 2806 494 2847 concordiae
523 2820 626 2848 cum
655 2806 825 2848 Illustri
857 2806 1041 2847 domina
1067 2804 1273 2846 Beatrice
1299 2804 1456 2845 relicta
1483 2817 1534 2845 ac
1561 2803 1800 2845 Elizabeth
1832 2803 1928 2845 11113

231 2880 424 2918 condam
439 2876 633 2918 Illustris
644 2876 868 2931 Johannis
884 2875 1064 2918 Corvini
1079 2874 1204 2916 ducis
1226 2888 1276 2916 ac
1297 2888 1536 2929 regnorum
1551 2878 1809 2915 nostrorum
1819 2874 1927 2915 Dal-

179 2951 214 2977 35
231 2947 414 3006 11131130,
432 2947 638 2990 Croatiae
662 2952 707 2989 et
729 2947 995 2989 Sclavoniae
1018 2946 1126 2988 bani
1150 2946 1340 3000 desuper
1355 2945 1517 2993 130130,
1535 2958 1673 2998 quam
1687 2944 1827 2986 etiam
1848 2959 1927 2999 per

231 3017 460 3059 defectum
475 3018 656 3060 seminis
671 3018 870 3060 eiusdem
886 3017 1011 3059 ducis
1026 3031 1076 3058 ac
1093 3015 1401 3070 Christophori
1415 3015 1497 3056 filii
1511 3015 1724 3064 eiusdem,
1741 3020 1926 3057 vetusto

232 3101 284 3129 ac
314 3088 488 3143 optimo
517 3089 611 3131 iure
640 3089 774 3131 huius
802 3088 926 3143 regni
955 3087 1098 3129 nostri
1127 3087 1375 3128 deventum
1404 3091 1449 3128 et
1480 3086 1761 3135 devolutum,
1793 3086 1926 3127 simul

233 3172 336 3200 cum
371 3159 581 3201 omnibus
614 3159 969 3215 possessionibus
1003 3163 1047 3200 et
1083 3157 1367 3213 pertinentiis
1401 3156 1602 3199 eiusdem
1638 3156 1806 3212 oppidi,
1843 3156 1928 3212 ipsi
