2209 3643
283 219 354 243 222
984 203 1059 237 No.
1085 203 1284 245 182—1233
1653 194 1727 249 [22.
1750 200 1843 234 Dee.
1870 210 1965 244 1530

1070 329 1168 370 182.

758 440 962 488 Krako‘w,
989 451 1056 480 22.
1082 438 1326 480 Decembris
1351 448 1476 490 1530.

273 533 494 574 Severinus
537 532 676 570 Boner
719 529 970 580 burgrabius
1019 528 1306 567 Cracoviensis
1355 527 1527 566 officiali
1570 539 1783 577 anonymo
1826 526 1966 565 Ferdi-

808 588 938 627 nandi
971 588 1002 626 Ι.
1037 587 1142 638 regis
1175 587 1429 638 Hungariae.

417 690 482 730 De
512 693 736 744 progressu
767 687 914 729 hostili
944 687 1148 728 vaivodae
1178 686 1430 728 Moldavz'ae
1461 685 1509 727 in
1536 685 1723 726 Polom'a
1753 685 1877 737 facto.
2004 708 2021 734 5

419 785 656 826 Caeterum
688 782 742 824 de
772 781 977 837 palatino
1003 780 1246 823 Valachiae
1276 780 1480 822 nonnihil
1510 779 1600 821 iam
1631 779 1860 821 Maiestati
1880 780 1968 821 Vrae

275 857 442 911 liquere
466 854 624 909 opinor
645 867 654 903 ;
679 853 715 894 is
737 852 906 908 quippe
928 852 1074 907 ruptis
1097 851 1329 893 foederum
1352 865 1403 892 ac
1427 850 1534 892 fidei
1555 850 1746 892 vinculis
1769 850 1970 893 dominia

273 928 388 969 Suae
414 919 494 967 Mtis
521 924 702 979 Regiae,
730 923 901 965 domini
926 922 1014 964 mei
1039 922 1389 971 clementissimi,
1416 921 1640 963 hostiliter
1677 935 1780 963 cum
1816 921 1969 964 valido

277 997 477 1039 exercitu
507 994 800 1050 impressione
830 995 955 1036 facta
985 993 1169 1042 invasit,
1202 993 1334 1034 villas
1365 992 1533 1034 multas
1564 992 1820 1047 occupavit,
1844 992 1969 1034 Colo-

278 1068 429 1116 miam,
446 1066 694 1108 notabilem
710 1065 756 1106 in
770 1065 900 1107 terris
915 1064 1000 1105 illis
1015 1064 1264 1113 civitatem,
1282 1077 1390 1105 suae
1411 1062 1572 1105 ditioni
1592 1062 1796 1112 subiecit,
1824 1063 1971 1105 multa
1986 1072 2023 1099 10

276 1143 507 1194 praeterea
540 1141 698 1192 aperta
730 1136 898 1191 oppida
931 1135 1064 1190 cepit,
1099 1135 1208 1176 item
1242 1134 1400 1176 Halicz
1432 1147 1580 1175 arcem
1600 1147 1656 1174 ne
1676 1133 1766 1174 iam
1787 1134 1968 1189 ceperit,

277 1214 424 1251 metus
446 1208 727 1262 dubiumque
748 1211 831 1256 est,
855 1206 1050 1262 denique
1071 1210 1222 1248 totum
1245 1219 1358 1260 pene
1379 1204 1638 1246 districtum
1659 1203 1799 1254 illum,
1823 1204 1971 1247 Poku-

278 1281 368 1322 czie
400 1283 630 1327 vocatum,
665 1277 941 1332 subiugavit,
976 1290 1190 1326 asserens,
1224 1277 1308 1318 hoc
1341 1275 1666 1331 patrimonium
1697 1288 1830 1317 suum
1862 1288 1969 1325 esse,

279 1364 395 1406 quae
426 1350 520 1391 iure
550 1350 635 1390 sibi
669 1348 946 1398 vendicaret,
970 1362 1072 1390 cum
1104 1348 1214 1389 satis
1235 1359 1459 1402 superque
1490 1350 1665 1388 constet
1698 1346 1774 1387 illa
1805 1346 1863 1388 ab
1894 1346 1972 1388 ho-

279 1422 452 1463 minum
482 1420 699 1462 memoria
727 1419 812 1461 sub
841 1419 1028 1474 imperio
1057 1423 1102 1460 et
1132 1418 1303 1460 ditione
1329 1418 1446 1459 Suae
1474 1410 1555 1458 Mtis
1597 1416 1763 1471 Regiae
1804 1417 1940 1458 fuisse
1960 1431 1969 1468 ;
1986 1426 2025 1453 15

278 1493 398 1534 ultra
436 1496 591 1533 autem
628 1491 704 1531 illa
741 1503 831 1531 non
870 1489 1098 1545 processit.
1140 1489 1195 1531 Ei
1233 1488 1417 1531 obviam
1451 1487 1542 1529 Sua
1579 1487 1792 1529 Maiestas
1830 1488 1974 1543 Regia

281 1563 471 1604 missura
493 1566 590 1603 erat
615 1566 792 1616 partem
817 1561 1054 1609 exercitus,
1071 1574 1230 1602 verum
1253 1559 1343 1601 iarn
1367 1559 1439 1600 ille
1462 1558 1635 1600 abierat
1658 1562 1792 1607 retro,
1817 1558 1973 1613 itaque

281 1648 333 1675 eo
361 1638 552 1675 ventum
581 1637 663 1681 est,
694 1636 745 1673 ut
776 1632 851 1674 illa
879 1631 1187 1687 recuperanda
1215 1630 1320 1679 sint,
1351 1642 1467 1684 quae
1496 1629 1554 1670 ab
1583 1629 1657 1670 illo
1686 1634 1822 1684 capta
1850 1634 1969 1672 sunt.

282 1705 549 1759 Bellumque
588 1702 712 1745 haud
751 1703 887 1744 dubie
926 1703 971 1744 in
1011 1706 1233 1744 aestatem
1273 1701 1528 1756 proximam
1567 1699 1696 1742 nobis
1735 1700 1971 1754 impendit,

281 1775 577 1830 quantumvis
630 1774 724 1815 eius
778 1787 958 1815 omnem
1013 1773 1292 1815 occasionem
1345 1772 1552 1813 lubentes
1606 1775 1940 1826 praetereamus
1961 1781 2026 1821 ;20

282 1860 413 1901 porro
440 1845 567 1888 cuius
593 1845 813 1886 instinctu
839 1846 949 1887 haec
976 1858 1112 1886 ausus
1140 1843 1274 1885 fuerit
1302 1842 1532 1897 palatinus
1558 1842 1643 1891 ille,
1672 1855 1763 1883 non
1790 1842 1973 1884 omnino

282 1917 410 1958 nobis
430 1930 520 1958 non
539 1916 696 1971 liquet,
719 1915 887 1971 quippe
906 1929 997 1957 non
1017 1914 1211 1970 suspicio
1230 1918 1428 1962 tantum,
1450 1913 1528 1954 sed
1547 1912 1657 1954 fides
1677 1917 1743 1954 est
1764 1926 1829 1962 ea,
1851 1912 1975 1967 quod

282 1987 565 2029 adversarius
592 1979 708 2028 Sermi
752 1986 978 2042 Ungariae
1021 1990 1160 2040 atque
1190 1984 1436 2026 Bohemiae
1466 1983 1580 2038 regis
1610 1996 1746 2025 causa
1775 1988 1820 2025 et
1851 1983 1974 2038 origo

282 2058 385 2099 belli
419 2058 551 2099 huius
586 2062 668 2106 est,
706 2057 783 2111 qui
818 2071 920 2099 cum
954 2057 1046 2098 suis
1080 2055 1406 2111 appendicibus
1440 2068 1521 2109 pro
1556 2058 1678 2096 certo
1713 2053 1973 2109 imperatori

283 2129 531 2170 Turcarum
558 2128 867 2177 inculcaverit,
898 2128 1021 2183 quod
1044 2127 1135 2169 Sua
1163 2126 1377 2167 Maiestas
1406 2124 1547 2180 Regia
1582 2124 1707 2166 Sermo
1748 2124 1974 2179 Ungariae
1992 2135 2028 2161 25

284 2204 327 2240 et
363 2199 607 2241 Bohemiae
641 2200 732 2255 regi
767 2204 986 2241 secretam
1021 2202 1317 2253 apertamque
1358 2200 1556 2251 praestet
1605 2209 1788 2250 operam
1835 2200 1973 2250 atque

286 2270 388 2311 hinc
419 2270 493 2317 isti
523 2274 704 2320 motus;
737 2274 820 2311 etc.

428 2341 601 2382 Datum
631 2341 872 2383 Cracoviae
901 2339 959 2381 ad
988 2339 1107 2381 diem
1138 2351 1204 2381 22.
1237 2337 1510 2379 Decembris.
1542 2337 1674 2378 Anno
1706 2346 1828 2389 1530.

430 2434 655 2479 (Originale.
688 2434 974 2474 Staatsarchiv‚
1011 2433 1136 2467 VVien.
1173 2432 1371 2466 Polonica.
1408 2431 1571 2465 Edidit:
1608 2431 1711 2465 Acta
1743 2430 1974 2465 Tomiciana

287 2492 364 2526 vol.
393 2493 488 2527 XII.
516 2504 604 2538 pag.
634 2493 863 2537 398—399.)
1990 2489 2027 2515 30

1075 2572 1174 2613 183.

824 2670 964 2719 Wien,
993 2681 1033 2722 3.
1064 2668 1280 2723 summarii
1308 2679 1434 2721 1531.

290 2771 494 2810 Martinus
509 2772 718 2823 Sydonius
736 2777 777 2811 et
792 2773 979 2823 Joannes
1000 2772 1138 2811 Fuchs
1168 2771 1305 2810 nuntii
1336 2769 1717 2821 Transylvanenses
1748 2768 1973 2806 Ferdinan-

880 2832 934 2870 do
964 2832 996 2870 I.
1025 2831 1109 2882 regi
1136 2830 1389 2880 Hungariae.

429 2929 603 2971 Nuntia
624 2930 970 2983 Transylvam'ca
985 2930 1034 2971 de
1048 2930 1197 2981 sutum
1214 2929 1457 2969 Turcarum
1476 2926 1752 2980 aggressione,
1769 2925 1826 2967 ad
1844 2939 1974 2980 quam
1992 2936 2027 2962 35

288 2999 416 3040 etiam
430 2999 633 3041 vaivodae
650 3001 706 3041 M
709 3000 903 3041 oldaviae
923 3005 959 3041 et
984 2999 1218 3041 Valachiae
1238 3012 1336 3039 cum
1356 2997 1538 3038 exercitu
1558 2997 1704 3037 adesse
1724 2996 1836 3038 iussi
1857 3000 1970 3037 sunt.

430 3091 601 3132 Attulit
638 3092 768 3134 nobis
805 3092 1063 3134 adolescens
1099 3091 1286 3147 quidam
1322 3090 1496 3132 litteras
1531 3103 1586 3130 ex
1621 3089 1971 3137 Transsilvania,

290 3173 402 3214 quas
420 3165 525 3202 ante
541 3161 733 3203 biduum
751 3162 1018 3217 accepimus.
1039 3161 1430 3204 Existimaverunt
1447 3173 1529 3201 nos
1546 3173 1637 3201 una
1655 3173 1757 3201 curn
1775 3158 1975 3201 exercitu
