2209 3643
291 222 364 264 246
1046 216 1121 250 No.
1146 224 1217 258 203
1665 210 1738 264 [16.
1761 215 1855 250 Dec.
1882 223 1978 259 1534

289 364 389 392 rum
423 354 466 391 et
501 361 785 391 communem
819 346 1106 394 libertatem;
1153 344 1321 398 alioqui
1353 348 1573 399 perpetuo
1606 343 1834 400 mancipia
1866 346 1979 387 Tur-

291 434 444 463 corum
469 420 659 467 futuros,
686 417 834 458 deleta
859 415 1119 470 Hungariae
1142 414 1395 465 nobilitate,
1422 414 1603 456 initium
1627 415 1717 456 iam
1742 429 1768 456 a
1792 415 1979 470 potiori-

290 493 375 533 bus
403 491 575 531 lactum
597 523 605 530 .
630 522 637 530 .
662 522 669 529 .
702 488 1055 528 Perveneramus
1078 485 1136 527 ad
1163 485 1371 540 Meggies,
1402 485 1564 527 civitas
1592 490 1659 527 est
1688 486 1733 527 in
1762 486 1979 528 umbilico

292 559 658 615 Transylvaniae‚
679 557 806 599 natio
827 556 1064 606 Saxonica‚
1089 560 1140 598 ut
1165 556 1262 597 aliis
1286 556 1575 598 civitatibus:
1602 556 1673 598 hic
1696 556 1849 599 triduo
1873 557 1979 599 sub-

291 631 503 679 stitimus,
528 628 685 671 castris
706 642 796 670 non
818 628 975 683 procul
997 627 1055 668 ab
1076 627 1186 669 urbe
1208 626 1367 682 positis
1388 641 1397 677 ;
1422 627 1680 669 decreverat
1703 632 1979 670 conventum
2019 642 2040 667 5

292 715 420 757 agere
445 701 690 748 Saxonum,
720 712 833 754 quos
861 712 912 740 eo
941 698 1114 740 cunctis
1142 712 1196 739 ex
1225 698 1489 740 civitatibus
1517 703 1864 740 convocaverat.
1894 698 1981 741 Sed

294 787 395 815 cum
430 771 616 813 vidisset
652 784 745 812 rem
782 770 840 811 ad
875 783 1000 811 arma
1035 773 1253 824 spectare,
1290 768 1512 810 ommissis
1547 769 1644 810 aliis
1679 769 1889 811 omnibus
1926 769 1982 811 de

292 843 465 885 ratione
495 841 677 896 gerendi
709 840 813 882 belli
845 840 1042 895 cogitare
1074 840 1235 894 coepit.
1273 840 1571 882 Cancellarius
1603 840 1725 882 Petri
1756 840 1982 882 vaivodae

291 928 381 956 non
416 913 571 955 aberat
608 911 801 966 amplius
834 911 996 966 viginti
1031 911 1193 961 stadia,
1230 911 1394 952 crebris
1427 910 1598 952 nuntiis
1631 911 1981 965 gubernatorem

293 984 525 1027 certiorem
556 983 751 1025 faciebat
781 982 837 1024 de
866 982 932 1031 iis,
964 996 1081 1037 quae
1109 982 1386 1037 explorasset
1417 982 1472 1023 de
1500 981 1720 1031 hostibus,
1752 982 1898 1032 credo,
1930 986 1981 1024 ut
1999 994 2037 1020 ιο

295 1057 340 1097 in
365 1055 516 1111 parvis
540 1058 761 1096 astrueret
786 1053 870 1095 sibi
895 1053 1044 1102 fidem,
1072 1067 1161 1108 quo
1187 1052 1397 1107 deinceps
1417 1066 1581 1108 magno
1606 1053 1834 1108 impendio
1859 1053 1983 1094 falle-

294 1131 375 1169 ret.
410 1125 697 1168 Gubernator
727 1138 782 1166 ne
815 1124 1047 1179 derogaret
1080 1137 1187 1166 suae
1219 1123 1445 1178 dignitati,
1480 1123 1551 1165 cui
1582 1137 1757 1179 semper
1788 1123 1982 1173 studuit,

294 1197 438 1239 noluit
468 1196 681 1238 excedere
710 1209 764 1237 ex
794 1195 1135 1251 Transylvania,
1167 1199 1318 1236 motus
1347 1195 1408 1236 ad
1437 1195 1520 1236 hoc
1551 1194 1694 1236 causis
1724 1195 1847 1237 haud
1876 1208 1985 1236 sane

294 1268 498 1318 levibus;
537 1281 627 1308 non
665 1266 908 1308 dubitabat
947 1266 1002 1308 de
1039 1266 1126 1308 fide
1163 1265 1508 1315 Moldaviorum,
1548 1265 1639 1320 qui,
1678 1265 1714 1307 si
1751 1266 1796 1307 in
1834 1265 1984 1307 officio

297 1339 565 1381 mansissent
583 1342 662 1380 aut
680 1338 840 1379 saltem
856 1337 1063 1379 hostibus
1078 1350 1169 1378 non
1186 1336 1507 1386 adhaesissent,
1527 1336 1732 1391 Hungari
1748 1350 1983 1392 nunquam
2000 1347 2041 1374 15

297 1414 479 1452 tantum
504 1408 642 1451 animi
667 1409 930 1450 habuissent
957 1408 1015 1450 ad
1040 1421 1121 1450 nos
1147 1408 1444 1449 obsidendum
1467 1421 1476 1458 ;
1504 1412 1588 1449 etc.

442 1481 539 1522 Iam
564 1493 719 1522 omnes
742 1480 894 1521 hostes
918 1483 1240 1528 convenerunt,
1267 1478 1344 1533 qui
1368 1479 1617 1520 debuerant
1640 1492 1648 1528 ;
1675 1478 1787 1520 istae
1810 1478 1986 1520 bestiae

299 1551 455 1594 statim
481 1551 752 1600 dilabentur‚
779 1550 970 1592 aderunt
997 1550 1164 1592 auxilia
1188 1564 1243 1592 ex
1268 1549 1496 1591 Moldavia
1517 1563 1526 1600 ;
1553 1554 1597 1591 et
1622 1563 1668 1591 re
1692 1563 1799 1591 vera
1824 1550 1985 1591 Petrus

298 1623 496 1665 vaivoda
518 1622 808 1677 gubernatori
832 1621 921 1663 iam
946 1621 1142 1676 ingresso
1166 1621 1400 1663 civitatem
1424 1620 1730 1670 nuntiaverat,
1747 1634 1792 1662 se
1813 1625 1984 1674 gentes,

297 1698 408 1749 quot
435 1694 570 1735 vellet
598 1693 637 1735 ei
664 1693 904 1734 missurum
931 1697 975 1734 et
1003 1706 1049 1734 se
1075 1696 1359 1747 praesentem
1385 1705 1479 1733 esse
1505 1696 1763 1741 venturum,
1791 1691 1827 1732 si
1854 1691 1920 1733 ita
1946 1690 1985 1733 ei
2002 1702 2040 1729 20

297 1765 554 1815 videretur;
595 1769 679 1806 etc.

444 1836 692 1890 Postquam
729 1835 1003 1890 gubernator
1040 1838 1144 1876 octo
1181 1832 1320 1875 millia
1358 1833 1563 1888 equitum
1583 1847 1637 1875 ex
1660 1832 1889 1875 Moldavia
1927 1832 1987 1874 ad

298 1907 451 1948 hostes
481 1906 655 1949 venisse
686 1905 918 1961 comperit,
951 1918 1063 1961 quos
1094 1905 1139 1946 in
1169 1918 1301 1946 suum
1333 1905 1535 1946 favorem
1566 1904 1853 1959 expectabat,
1885 1907 1986 1946 tum

299 1977 481 2019 demum
502 1977 661 2027 mittit,
685 1977 762 2032 qui
783 1977 950 2018 Turcos
971 1980 1213 2026 arcessant,
1237 1975 1408 2017 invitus
1428 1989 1474 2017 se
1495 1976 1639 2017 facere
1660 1975 1884 2024 adiurans,
1907 1974 1987 2016 sed

300 2048 396 2103 cogi
440 2049 759 2103 Hungarorum
804 2047 1129 2103 ingratitudine
1173 2051 1311 2101 atque
1355 2046 1622 2088 crudelitate
1644 2081 1651 2088 .
1676 2080 1683 2088 .
1708 2080 1715 2088 .
1762 2046 1834 2087 Ad
1876 2046 1987 2087 haec
2001 2054 2042 2082 25

300 2119 600 2174 gubernator:
635 2119 852 2173 «Joannes
880 2144 939 2148 ——
968 2118 1115 2174 inquit
1145 2143 1203 2147 —
1233 2117 1371 2160 Doczi
1414 2131 1517 2159 curn
1547 2116 1790 2158 revertitur
1820 2116 1878 2158 ab
1909 2116 1986 2158 ho-

302 2190 440 2231 stiurn
470 2190 706 2244 colloquio,
737 2190 849 2232 adeo
878 2203 1029 2244 nugax
1059 2193 1141 2238 est,
1172 2189 1237 2230 ita
1266 2202 1515 2230 sermonem
1546 2188 1762 2243 implicat,
1793 2192 1844 2230 ut
1875 2191 1987 2242 quot

302 2261 440 2302 verba
461 2261 583 2310 facit,
607 2265 677 2303 tot
698 2261 885 2302 vulnera
906 2274 1000 2302 esse
1020 2259 1130 2301 mihi
1149 2259 1363 2301 videntur
1384 2273 1392 2309 ;
1414 2259 1492 2301 sed
1513 2263 1578 2308 tu,
1602 2258 1711 2314 quid
1731 2258 1987 2300 faciendum

304 2332 477 2373 censes?
519 2332 650 2386 Quod
685 2332 818 2374 affers
853 2331 1149 2373 remedium?»
1184 2331 1299 2372 Tum
1335 2344 1444 2385 ego:
1485 2329 1718 2385 «Agnoscis
1753 2328 1988 2384 perfidiam

304 2402 622 2456 Hungarorum
644 2416 653 2453 ;
680 2416 827 2444 arcem
853 2402 1081 2444 inimicam
1106 2401 1353 2443 cervicibus
1377 2400 1542 2442 nostris
1566 2400 1822 2455 impendere
1846 2399 1986 2449 videS‚
2005 2409 2045 2435 3⁰

305 2472 363 2513 ab
386 2473 593 2514 omnibus
616 2473 660 2514 in
684 2478 730 2515 te
753 2473 1061 2528 conspiratum
1083 2486 1189 2514 esse.
1215 2472 1466 2521 Moldavus,
1492 2471 1563 2513 cui
1584 2471 1780 2512 maxime
1802 2470 1987 2519 fidebas,

307 2557 492 2597 magnas
517 2544 668 2598 copias
694 2549 850 2586 contra
887 2549 932 2586 te
969 2544 1091 2585 misit
1123 2543 1403 2598 assiduisque
1427 2542 1599 2584 nuntiis
1623 2541 1834 2584 sollicitat
1860 2541 1989 2582 Hun-

305 2627 448 2667 garOS‚
480 2619 530 2656 ut
562 2619 723 2669 coepta
752 2615 1000 2670 perficiant.
1033 2614 1353 2669 Transalpinus
1384 2618 1451 2655 est
1482 2613 1566 2654 tibi
1595 2612 1737 2654 hostis
1767 2611 1986 2666 publicus.

310 2684 407 2725 Rex
429 2689 473 2726 te
495 2685 748 2727 extinctum
769 2686 883 2735 vult,
906 2685 1044 2727 etiam
1059 2685 1095 2726 si
1116 2689 1298 2727 tantum
1319 2684 1458 2726 biduo
1479 2683 1785 2738 superviveret
1808 2695 1815 2723 :
1839 2682 1988 2736 pulsa-

308 2758 382 2795 tur
408 2760 547 2805 metu,
576 2755 744 2810 pariter
783 2761 827 2798 et
856 2756 1040 2805 invidia,
1064 2769 1170 2811 opes
1197 2760 1314 2804 tuas,
1344 2753 1664 2796 auctoritatem
1691 2757 1736 2794 et
1764 2752 1988 2807 magnitu-
2005 2762 2044 2788 35

309 2824 458 2866 dinem
491 2825 628 2866 animi
660 2825 804 2868 timet.
840 2827 998 2868 Uritur
1030 2826 1200 2868 invidia
1232 2831 1312 2868 tuo
1344 2825 1579 2880 splendore
1611 2828 1748 2878 atque
1779 2823 1912 2865 laude
1944 2827 1988 2864 et

310 2895 431 2948 quod
458 2900 510 2937 tu
537 2896 656 2951 regia
684 2897 838 2938 munia
867 2897 977 2946 obis,
1007 2896 1123 2938 iners
1151 2896 1245 2951 ipse
1272 2895 1373 2937 vilis
1401 2895 1473 2944 sit,
1504 2894 1587 2936 tibi
1615 2898 1851 2948 acceptum
1879 2894 1989 2935 refe-

310 2970 430 3013 runt,
461 2965 639 3007 Budarn
668 2980 761 3008 esse
790 2972 1104 3009 conservatam
1133 2965 1374 3021 Hungaris‚
1405 2965 1460 3006 de
1488 2964 1562 3005 illo
1589 2964 1711 3005 nulla
1739 2964 1909 3005 mentio
1937 2964 1990 3005 fit

310 3038 529 3088 tanquam
553 3036 596 3076 in
620 3050 767 3078 rerum
790 3042 954 3079 natura
976 3051 1066 3079 non
1090 3042 1218 3079 esset.
1241 3037 1301 3078 At
1325 3035 1486 3076 misisti
1508 3048 1589 3090 pro
1613 3034 1788 3076 auxiliis
1812 3034 1856 3076 in
1879 3035 1989 3076 Tur-

313 3103 457 3153 ciam;
495 3106 661 3147 frustra
685 3106 959 3149 Sanzaccum
992 3107 1381 3149 Samandriensem
1417 3109 1658 3159 expectas;
1695 3105 1870 3147 mavult
1906 3104 1989 3146 sibi
2006 3114 2048 3142 4⁰

312 3173 456 3214 vitam
475 3175 625 3224 adimi,
646 3190 782 3230 quam
801 3177 884 3218 tibi
914 3191 1180 3219 succurrere.
1212 3176 1466 3218 Vidinensis
1495 3189 1585 3216 non
1604 3175 1740 3217 habet
1760 3189 1834 3216 eas
1852 3175 1990 3217 facul-
