2209 3643
201 161 237 195 3.
274 151 388 186 Febr.
426 146 534 201 1501]
976 152 1052 187 No.
1074 154 1122 198 46
1844 164 1890 198 55

190 281 520 324 accedentibus
542 285 587 324 et
612 282 803 324 eandem
828 283 1154 338 possessionem
1178 284 1570 340 Zenthmargytha
1593 298 1696 326 cum
1721 284 1896 326 cunctis

196 352 397 395 eiusdem
431 353 710 395 utilitatibus
742 358 787 395 et
821 354 1106 408 pertinentiis
1139 354 1415 410 quibuslibet
1449 355 1695 397 restantiae
1728 360 1773 397 et
1807 355 1896 397 alia

196 424 350 466 omnia
394 423 440 466 in
487 423 619 466 dictis
664 424 827 466 litteris
872 426 1037 467 nostris
1083 425 1437 475 adiudicatoriis,
1484 426 1896 469 sententionalibus

198 498 415 537 contenta
456 499 500 537 et
543 495 802 550 specificata
844 495 973 538 iuxta
1014 497 1147 539 series
1188 502 1233 539 et
1275 497 1606 540 continentiam
1648 497 1895 540 earundem

158 565 451 608 §litterarum
482 570 740 608 nostrarum
772 566 1218 617 adiudicatoriarum,
1250 568 1652 610 sententionalium
1683 582 1894 624 peragere

195 636 426 679 habuisset
461 641 506 679 et
541 637 703 678 harum
737 637 847 679 serie
882 638 940 680 ad
975 643 1163 681 octavas
1197 639 1300 681 festi
1335 639 1467 681 Beati
1498 639 1660 694 Jacobi
1694 639 1889 695 apostoli

195 711 303 749 tunc
346 712 563 750 venturas
605 708 735 749 nobis
777 709 1017 751 rescribere
1059 710 1340 759 debuissetis,
1396 710 1455 752 ab
1497 710 1668 752 eisdem
1711 724 1893 766 quoque

192 778 370 820 octavis
399 778 504 820 festi
535 778 659 820 beati
686 779 848 833 Jacobi
879 781 1072 835 apostoli
1102 781 1352 836 reportatio
1383 781 1512 823 seriei
1542 781 1893 837 praemissarum

193 854 346 904 partes
365 849 483 891 inter
502 849 683 892 easdem
703 850 903 892 seriebus
922 851 1177 894 litterarum
1197 856 1456 894 nostrarum
1476 852 1893 907 prorogatoriarum

135 931 174 958 ιο
192 921 419 976 protelata
447 921 506 962 ad
534 926 794 976 praesentes
823 927 1010 964 octavas
1038 923 1143 965 festi
1173 923 1533 979 Epiphaniamm
1563 924 1747 965 Domini
1775 923 1886 965 dila-

193 991 286 1033 tive
322 991 591 1033 devenisset.
631 992 806 1047 Quibus
842 993 1072 1035 instantiis
1108 994 1326 1049 Georgius
1362 995 1573 1036 Moczkos
1608 994 1663 1036 de
1700 995 1891 1050 Nyenye

191 1075 273 1118 pro
315 1063 522 1117 praefato
561 1063 772 1117 Johanne
814 1065 971 1119 Ungor
1012 1079 1114 1107 cum
1157 1065 1478 1120 procuratoriis
1520 1065 1683 1107 litteris
1723 1066 1891 1108 nostris

190 1136 395 1175 nostram
422 1134 607 1175 veniens
628 1134 673 1175 in
694 1135 1013 1190 praesentiam,
1049 1136 1224 1178 litteras
1257 1140 1433 1178 vestras
1465 1149 1600 1191 super
1633 1136 1890 1192 praemissis

190 1204 423 1246 relatorias
437 1205 677 1260 rescriptas
691 1206 821 1247 nobis
835 1207 1144 1261 praesentavit
1153 1208 1274 1249 hunc
1289 1211 1491 1249 tenorem
1507 1207 1804 1250 continentes.
1815 1209 1843 1249 ¹.
1858 1241 1865 1248 .
1879 1241 1888 1248 .

132 1286 172 1314 25
190 1275 365 1330 Quibus
398 1276 700 1332 praesentatis
734 1277 929 1318 antefati
959 1278 1219 1333 Stephanus
1252 1277 1450 1320 vaivoda
1483 1278 1804 1320 Moldaviensis
1838 1292 1890 1320 ac

190 1346 378 1388 Choban
420 1347 515 1388 sive
557 1347 747 1402 Bogdan
789 1348 907 1390 filius
948 1348 1148 1390 eiusdem
1190 1362 1269 1404 per
1310 1353 1586 1391 annotatum
1645 1349 1889 1405 Georgium

189 1418 414 1468 Moczkos,
451 1418 704 1473 legitimum
740 1424 1079 1474 procuratorem
1115 1419 1225 1462 dicti
1256 1419 1480 1475 Johannis
1515 1421 1672 1475 Ungor
1707 1420 1886 1470 actoris,

189 1488 234 1530 in
273 1502 467 1545 persona
505 1489 705 1531 eiusdem
745 1490 952 1545 congruis
991 1491 1150 1532 diebus
1189 1490 1390 1546 ipsarum
1428 1495 1697 1533 octavarum
1736 1505 1889 1534 coram

188 1561 320 1602 nobis
353 1560 584 1616 expectati
619 1560 678 1602 ad
711 1561 989 1603 reddendam
1023 1562 1246 1603 rationem
1280 1561 1552 1617 praemissae
1586 1562 1888 1617 potentiariae

128 1643 171 1672 20
187 1631 456 1688 repulsionis
495 1632 961 1687 possessionariaeque
1016 1632 1389 1688 reoccupationis,
1430 1637 1634 1675 nostram
1674 1633 1720 1675 in
1760 1647 1887 1689 prae-

188 1703 383 1745 sentiam
412 1716 504 1744 non
534 1707 756 1744 venerunt
787 1717 933 1758 neque
979 1703 1212 1753 miserunt,
1244 1704 1323 1745 sed
1352 1717 1398 1745 se
1427 1704 1658 1746 mediante
1687 1704 1785 1746 aliis
1813 1704 1886 1746 lit-

188 1773 296 1816 teris
322 1773 488 1816 nostris
516 1773 802 1815 iudicialibus
829 1773 991 1816 exinde
1018 1774 1248 1824 confectis,
1278 1774 1324 1816 in
1352 1774 1528 1816 iudiciis
1548 1789 1557 1824 ;
1587 1788 1643 1817 ex
1670 1789 1813 1830 eoque
1840 1775 1887 1817 in

187 1859 336 1900 poena
365 1844 602 1887 solutionis
631 1844 909 1900 singularum
938 1859 1193 1887 marcarum
1223 1845 1335 1894 auri,
1366 1845 1564 1900 singulos
1594 1846 1888 1901 septuaginta

187 1916 302 1959 duos
337 1916 556 1958 floerenos
593 1916 691 1957 auri
726 1916 934 1958 facienda
970 1916 1178 1958 convinci
1213 1920 1258 1958 et
1295 1916 1531 1971 aggravari
1567 1917 1883 1972 permiserunt,

126 1987 425 2042 25postulans
457 1987 691 2042 praefatus
725 1991 990 2042 procurator
1021 1987 1112 2028 iarn
1146 1987 1230 2028 fati
1259 1987 1483 2041 Johannis
1516 1988 1672 2043 Ungor
1703 1988 1883 2037 actoris,

186 2058 331 2101 eidem
357 2072 436 2114 per
460 2071 542 2100 nos
567 2058 613 2100 in
638 2058 893 2114 praemissis
919 2058 1240 2100 discussionem
1261 2062 1306 2100 et
1327 2058 1698 2100 deliberationem
1724 2059 1886 2114 imper-

186 2129 274 2171 tiri.
304 2131 364 2172 Et
391 2128 498 2184 quia
523 2143 579 2171 ex
604 2129 715 2171 serie
741 2129 966 2171 dictarum
992 2129 1247 2170 litterarum
1273 2134 1528 2171 vestrarum
1552 2129 1884 2179 relatoriarum,

185 2200 595 2256 rescriptionalium
636 2200 867 2256 praefatos
908 2199 1172 2254 Gregorium
1214 2200 1399 2248 Farkas,
1439 2200 1697 2254 Johannem
1739 2201 1882 2256 Bagy,

185 2271 429 2314 familiares
456 2276 501 2313 et
529 2271 791 2326 iobagiones
816 2275 1191 2326 praenotatorum
1219 2270 1390 2312 domini
1414 2271 1634 2326 Stephani
1661 2271 1885 2314 vaivodae

126 2355 168 2381 30
186 2356 238 2385 ac
267 2342 454 2385 Choban
481 2341 561 2384 filii
589 2342 789 2384 eiusdem
818 2342 863 2383 in
892 2342 1014 2384 dicto
1043 2341 1211 2396 oppido
1241 2342 1505 2396 Reththegh
1533 2347 1881 2392 commorantes,

185 2413 426 2455 simulcum
449 2413 677 2455 nonnullis
700 2413 994 2468 complicibus
1017 2426 1172 2454 eorum
1196 2411 1242 2453 in
1266 2412 1467 2467 personis
1490 2412 1717 2455 dictorum
1740 2413 1883 2455 domi-

184 2498 348 2527 norum
392 2483 608 2539 ipsorum,
654 2497 710 2525 ex
753 2484 975 2525 mandato
1019 2488 1063 2524 et
1108 2483 1422 2524 commissione
1466 2483 1712 2526 eorundem
1755 2498 1884 2539 prae-

183 2555 402 2611 scriptam
427 2554 826 2610 possessionariam
851 2553 1200 2596 restatutionem
1225 2558 1270 2595 et
1296 2554 1611 2596 executionem
1635 2554 1880 2604 faciendos,

185 2626 316 2668 iuxta
341 2630 627 2681 praetactam
653 2630 857 2667 nostram
884 2624 1163 2667 iudiciariam
1189 2624 1552 2666 commissionem
1577 2638 1630 2666 ac
1655 2625 1882 2667 dictarum

124 2708 167 2735 ³5
185 2697 441 2739 litterarum
483 2701 743 2738 nostrarum
785 2695 1231 2744 adiudicatoriarum,
1275 2695 1676 2737 sententionalium
1719 2696 1882 2738 exinde

185 2768 496 2809 confectarum
519 2767 863 2816 continentiam,
887 2780 966 2821 per
987 2766 1132 2808 dictos
1154 2770 1361 2807 nostrum
1383 2770 1428 2807 et
1451 2770 1654 2808 vestrum
1676 2766 1881 2808 homines

184 2838 280 2880 fieri
299 2838 529 2887 debentes,
550 2839 760 2893 perficere
779 2842 824 2879 et
844 2837 1006 2892 exequi
1041 2850 1131 2877 non
1167 2836 1419 2891 permisisse
1438 2836 1591 2892 sicque
1609 2836 1707 2892 ipsa
1724 2842 1882 2880 nostra

184 2908 418 2950 iudiciaria
438 2908 693 2951 commissio
713 2908 897 2950 minime
917 2908 976 2949 ad
995 2907 1208 2948 effectum
1228 2907 1425 2949 deducta
1445 2907 1671 2950 exstitisse
1690 2908 1878 2963 reperie-

183 2979 345 3021 batur:
385 2979 443 3021 ob
478 2979 563 3021 hoc
599 2979 684 3035 ipsi
720 2979 929 3020 dominus
957 2978 1214 3032 Stephanus
1249 2991 1301 3019 ac
1339 2978 1536 3029 Choban,
1577 2978 1663 3020 alio
1699 2979 1882 3021 nomine

125 3144 168 3170 40
332 3131 347 3153 1
369 3131 470 3165 Vide
492 3131 567 3166 sub
590 3132 665 3166 No.
692 3141 752 3173 29.

1914 654 1939 674 1.
1966 645 2050 684 Aug.

1911 933 1957 961 13.
1981 924 2048 962 Jan.
