2209 3643
228 200 289 224 21.
319 190 433 225 Febr.
460 185 570 239 1519]
1007 193 1080 227 No.
1104 193 1150 226 88
1850 203 1920 234 119

228 321 459 364 bulatione
477 326 521 363 et
540 321 763 376 condigna
781 322 1110 372 aestimatione,
1131 323 1321 364 exclusis
1339 323 1477 365 etiam
1495 323 1618 378 prius
1635 323 1920 378 portionibus

226 393 531 448 quorumlibet
567 391 622 433 de
657 392 838 441 eisdem,
878 399 1065 448 occupet
1101 394 1260 435 eadem
1312 399 1625 449 occupataque
1660 395 1705 436 in
1740 394 1919 436 duabus

228 465 391 506 nostris
412 463 667 513 iudiciariis,
692 464 736 505 in
760 464 895 505 tertia
918 478 1023 506 vero
1045 465 1252 519 partibus
1273 465 1383 507 dicti
1397 466 1575 515 actoris,
1593 465 1736 520 partis
1750 466 1917 508 scilicet

229 535 442 576 adversae
478 535 687 576 manibus
724 535 768 576 in
804 540 1074 590 perpetuum
1111 540 1287 578 statuat
1329 537 1614 591 possidenda,
1667 537 1918 579 contradic-

183 618 209 642 -5
228 607 349 648 tione
371 606 628 660 praenotati
651 605 821 647 domini
842 606 1060 660 Stephani
1084 607 1306 649 vaivodae
1329 611 1374 649 et
1398 607 1588 649 aliorum
1611 608 1916 662 quorumlibet

225 677 409 732 praevia
434 677 607 719 ratione
644 690 734 718 non
771 677 984 719 obstante
1006 692 1014 727 ;
1043 692 1110 719 res
1135 678 1273 720 etiam
1299 683 1343 720 et
1369 678 1503 728 bona,
1530 679 1566 720 si
1592 692 1705 733 quas
1729 683 1774 721 et
1800 692 1916 734 quae

224 747 403 803 reperiri
429 752 643 803 poterunt
674 748 809 790 modo
838 748 971 789 simili
989 749 1178 790 exclusis
1196 749 1479 804 portionibus
1497 749 1686 791 aliorum
1704 763 1916 805 quorum-

223 820 331 861 libet
363 819 418 861 de
449 819 615 860 eisdem
647 819 823 861 auferat
856 819 1100 874 ablataque
1131 820 1266 862 modo
1297 820 1429 861 simili
1460 820 1505 861 in
1537 820 1714 862 duabus
1751 821 1916 862 nostris

222 889 478 940 iudiciariis,
511 890 556 931 in
585 890 721 932 tertia
749 904 855 932 vero
893 891 1100 945 partibus
1132 891 1327 946 praefati
1365 891 1543 940 actoris,
1570 891 1713 946 partis
1746 892 1914 934 scilicet

165 972 202 998 ³0
222 961 438 1003 adversae
452 961 662 1003 manibus
677 961 752 1003 det
769 966 813 1003 et
830 962 1024 1016 applicet
1041 962 1399 1004 contradictione
1423 962 1559 1004 modo
1579 962 1712 1004 simili
1726 976 1914 1018 praeno-

221 1033 308 1074 tati
341 1032 513 1074 domini
548 1032 768 1087 Stephani
806 1033 1028 1075 vaivodae
1067 1038 1111 1074 et
1151 1033 1340 1075 aliorum
1378 1033 1684 1088 quorumlibet
1729 1034 1915 1088 praevia

220 1103 409 1153 ratione,
426 1103 596 1158 pariter
615 1117 705 1145 non
721 1104 934 1145 obstante
949 1109 993 1146 et
1009 1109 1111 1159 post
1127 1104 1237 1146 haec
1258 1104 1517 1146 huiusmodi
1538 1104 1914 1159 possessionariae

219 1174 549 1216 vicetertiariae
589 1175 916 1223 restatutionis,
958 1175 1268 1230 occupationis
1319 1189 1559 1230 rerumque
1604 1180 1649 1217 et
1689 1175 1912 1217 bonorum

219 1245 462 1287 ablationis
488 1259 539 1287 ac
567 1245 708 1287 totius
735 1246 845 1287 inibi
870 1246 1113 1301 peragendi
1144 1245 1313 1301 negotii
1338 1245 1511 1295 seriem,
1540 1250 1591 1288 ut
1618 1246 1752 1288 fuerit
1780 1260 1912 1302 expe-

162 1328 202 1352 15
219 1316 435 1358 diendum
458 1316 517 1358 ad
540 1320 727 1358 octavas
750 1316 876 1358 festis
899 1317 1032 1359 Beati
1051 1317 1212 1371 Jacobi
1235 1317 1428 1371 apostoli
1451 1317 1653 1372 proxime
1677 1322 1906 1367 venturas,
1938 1346 1960 1366 ι,
1986 1337 2070 1377 Aug„

217 1387 416 1442 legitime
438 1387 750 1442 perdurandas
773 1388 903 1429 nobis
925 1401 1007 1429 suo
1030 1388 1164 1429 modo
1186 1387 1454 1430 rescribatis.

352 1458 525 1500 Datum
536 1458 783 1507 Koloswar,
795 1458 970 1500 decimo
985 1459 1146 1513 quinto
1160 1458 1230 1500 die
1239 1463 1506 1500 octavarum
1515 1459 1618 1501 festi
1633 1459 1909 1514 Epiphania-

216 1543 317 1570 rum
338 1529 522 1571 Domini
539 1529 889 1584 praedictarum.
912 1530 1045 1571 Anno
1064 1529 1262 1571 eiusdem
1290 1529 1525 1572 Millesimo
1549 1530 1910 1585 quingentesimo

218 1600 393 1642 decimo
426 1614 559 1642 nono.

153 1717 195 1742 -20
356 1696 519 1736 Titulus
538 1709 550 1735 .·
588 1695 744 1734 Amicis
779 1695 864 1734 suis
900 1696 1157 1734 Reverendis
1191 1696 1419 1735 conventui
1453 1696 1649 1735 ecclesiae
1683 1697 1734 1735 de
1769 1697 1907 1736 Colos-

212 1759 430 1794 monostra
466 1767 542 1806 pro
575 1754 752 1806 Egregio
785 1755 993 1805 Johanne,
1033 1754 1117 1793 filio
1153 1755 1333 1794 condam
1370 1755 1583 1794 Michaelis
1609 1756 1822 1807 Desewffy
1856 1756 1908 1795 de

211 1819 361 1853 contra
408 1814 678 1865 Magnificum
726 1814 945 1852 dominum
990 1814 1253 1865 Stephanum
1301 1814 1530 1854 vaivodam
1578 1814 1907 1854 Moldaviensem

210 1885 336 1925 super
359 1874 546 1925 quadam
570 1873 897 1925 possessionaria
922 1873 1213 1918 restatutione,
1240 1873 1585 1919 reambulatione,
1612 1874 1907 1913 aestimatione

209 1932 488 1985 occupatione
518 1945 742 1984 rerumque
758 1937 799 1971 et
817 1933 1023 1971 bonorum
1039 1932 1251 1971 ablatione
1267 1945 1315 1971 ac
1331 1932 1457 1971 titulo
1472 1933 1657 1984 pignoris
1672 1933 1906 1973 statutione

209 2005 284 2044 per
306 1996 500 2031 nostrum
523 1996 565 2031 et
588 1997 778 2031 vestrum
802 1991 992 2030 homines
1016 1992 1141 2030 modo
1164 1991 1435 2043 intrascripto
1458 1992 1606 2031 fiendis
1628 1993 1904 2038 memoriales,

152 2071 191 2097 -25
209 2064 392 2103 quarum
423 2051 548 2090 series
579 2051 634 2090 ad
665 2055 840 2090 octavas
873 2050 969 2089 festi
1001 2051 1124 2089 Beati
1151 2051 1302 2101 Jacobi
1334 2051 1515 2103 apostoli
1546 2064 1657 2090 nunc
1703 2056 1906 2091 venturas

209 2110 395 2161 legitime
417 2111 719 2163 perdurandas,
744 2115 792 2149 ut
817 2110 943 2148 fuerit
967 2110 1276 2161 expediendum
1299 2114 1340 2149 et
1363 2111 1680 2162 reportandum.

354 2205 507 2253 Lecta,
538 2203 771 2259 publicata
799 2208 843 2245 et
874 2203 1116 2245 extradata
1138 2217 1217 2258 per
1234 2217 1305 2245 me
1334 2203 1601 2258 Magistrum
1629 2204 1822 2246 Paulum
1850 2204 1906 2246 de

207 2274 385 2316 Barcha
416 2275 792 2330 protonotarium.

448 2374 675 2419 (Originale.
704 2374 900 2419 Orszagos
927 2373 1123 2408 Leveltar.
1153 2374 1372 2419 Budapest.
1402 2374 1465 2407 Dl.
1495 2374 1648 2418 28028.)

151 2556 189 2582 30
1020 2542 1090 2585 88.

721 2653 883 2701 Csicso',
907 2664 974 2694 21.
1003 2651 1234 2693 Februarii
1254 2663 1380 2705 1519.

289 2744 508 2783 Ladislaus
537 2744 790 2784 castellanus
820 2743 947 2783 castri
978 2742 1116 2782 Csicso
1147 2742 1312 2781 senatui
1343 2742 1529 2782 civitatis
1560 2743 1816 2782 Besztercze.

353 2843 495 2885 Suum
525 2843 762 2885 Nicolaum
792 2847 877 2885 tute
910 2842 1098 2884 incedere
1129 2841 1220 2883 sini
1250 2845 1377 2896 rogat.

349 2949 551 2991 Salutem
583 2949 682 2991 dico
713 2949 968 3005 plurimam.
1003 2949 1333 3002 Circumspecte
1364 2948 1433 2989 vir
1462 2947 1592 2988 nobis
1622 2947 1897 2989 honorande.

145 3042 187 3069 35
211 3020 487 3069 Reducatur,
509 3025 560 3062 ut
582 3020 768 3075 quidam
790 3021 925 3061 homo
940 3019 1120 3060 nomine
1136 3018 1362 3067 Nicolaus,
1379 3018 1433 3059 de
1449 3018 1727 3073 possessione
1743 3018 1898 3059 Domi-

207 3090 404 3132 nationis
423 3091 610 3132 Vestrae
625 3091 774 3132 Zalwa
790 3095 955 3132 vocata
969 3089 1028 3131 ad
1041 3089 1162 3130 bona
1183 3088 1354 3130 domini
1374 3088 1518 3130 nostri
1533 3088 1745 3130 Generosi
1762 3102 1898 3130 causa

206 3161 414 3202 morandi
440 3161 591 3203 venire
612 3161 822 3202 intendit.
847 3160 1049 3202 Petimus
1069 3159 1259 3201 eandem
1279 3160 1489 3201 Vestram
1510 3159 1894 3209 Dominationem‚
