2209 3643
148 215 208 248 26.
240 212 351 257 Junii
387 206 498 261 1495]
923 209 999 244 No.
1023 219 1066 254 41
1795 217 1844 251 47

147 357 300 385 menes
330 347 373 384 et
401 342 607 396 Solymos
635 340 824 389 vocatis,
855 340 899 381 in
927 341 982 382 de
1023 339 1256 394 Kykellew
1295 337 1603 388 comitatibus,
1644 338 1845 393 partium

147 414 572 456 Transsilvanarum
611 412 913 454 existentibus
953 411 1137 459 habitiS,
1175 410 1233 452 ad
1283 414 1608 465 praenotatum
1644 414 1845 451 castrum

148 486 287 527 Wech
314 483 677 540 pertinentibus;
722 482 974 538 praelibata
1015 481 1239 537 siquidem
1281 481 1467 522 domina
1493 480 1661 536 Sophia
1691 479 1844 521 simili-

148 561 218 598 ter
247 557 402 598 dotem
432 560 476 596 et
507 568 576 596 res
606 554 910 609 parafernalcs
939 554 1191 596 Generosae
1222 553 1415 594 condam
1437 552 1648 593 dominae
1671 552 1844 593 Kathe-

86 642 104 668 ο
148 627 285 676 rinae,
319 627 425 668 olim
457 625 676 668 consortis
707 624 818 666 dicti
849 625 1041 666 condam
1061 623 1280 678 Stephani
1302 624 1473 672 Desew,
1497 623 1656 664 matris
1677 627 1846 678 utputa

148 698 343 753 praefati
385 697 577 738 condam
619 695 817 738 Ladislai
854 696 1076 751 Desewfy,
1112 694 1241 736 aviae
1280 693 1448 736 scilicet
1481 707 1600 744 suae,
1632 694 1687 736 de
1712 693 1846 735 dictis

149 769 307 810 castris
347 768 725 824 portionibusque
765 771 809 808 et
850 766 1022 808 iuribus
1058 764 1432 821 possessionariis,
1479 764 1678 820 demptis
1717 765 1846 806 dum—

148 844 281 881 taxat
327 838 606 894 praescripto
661 842 810 879 castro
859 838 1130 893 Balwanyos
1174 840 1218 878 et
1268 836 1363 878 eius
1403 835 1702 891 pertinentiis,
1744 849 1846 877 nec-

148 924 238 952 non
292 910 361 951 ius
417 923 551 951 suum
603 908 921 964 quartalitium
974 908 1030 949 de
1076 907 1381 963 praenarratis
1433 906 1592 948 castris
1647 906 1844 962 Chycho,

93 995 130 1022 10
148 982 420 1036 Balwanyos
453 984 498 1022 et
532 980 683 1028 WVech,
721 994 773 1021 ac
805 979 1051 1021 earundem
1085 978 1370 1033 pertinentiis
1399 977 1688 1032 praescriptis
1717 978 1848 1019 iuxta

147 1052 272 1107 regni
337 1051 712 1093 consuetudinem
770 1050 1007 1106 provenire
1070 1050 1343 1091 debentibus
1399 1062 1425 1090 a
1472 1048 1741 1090 Reverendo
1803 1048 1847 1089 in

149 1122 327 1165 Christo
383 1124 519 1164 Patre
568 1122 752 1163 domino
803 1121 1041 1163 Dominico
1079 1121 1221 1163 electo
1259 1119 1470 1163 ecclesiae
1516 1119 1846 1161 Waradiensisl

148 1193 396 1250 personalis
422 1193 706 1248 praesentiae
738 1192 905 1247 Regiae
927 1191 1181 1233 Maiestatis
1202 1192 1539 1234 locumtenente
1577 1205 1630 1232 ac
1656 1191 1846 1233 Illustri²

149 1269 194 1306 et
237 1265 478 1319 Magnifico
516 1264 750 1319 Stephano
773 1263 975 1318 partium
996 1263 1295 1305 Moldaviensi
1319 1262 1528 1304 waivoda
1566 1266 1611 1303 et
1637 1262 1849 1315 Johanne

98 1349 131 1376 15
150 1336 303 1390 Ongor
345 1336 400 1377 de
449 1335 651 1384 Nadasd,
702 1335 826 1390 apud
876 1348 1070 1389 quorum
1114 1333 1283 1376 scilicet
1328 1347 1490 1375 manus
1536 1346 1656 1374 nunc
1708 1347 1849 1375 anno-

150 1410 251 1448 tata
274 1411 423 1448 castra
444 1406 766 1461 portionesque
789 1410 834 1447 et
859 1406 958 1447 iura
978 1404 1329 1460 possessionaria
1347 1404 1610 1453 existerent,
1632 1404 1848 1447 rehabere

149 1478 317 1519 vellent
338 1478 433 1532 lege
447 1477 572 1532 regni
591 1477 860 1531 requirente.
876 1477 1019 1531 Super
1032 1490 1122 1531 quo
1138 1477 1347 1517 Vestram
1362 1474 1624 1517 Amicitiam
1639 1488 1847 1530 praesen-

150 1548 273 1590 tibus
303 1549 501 1604 petimus
532 1547 782 1603 diligenter,
815 1552 1042 1602 quatenus
1062 1551 1265 1588 vestrum
1292 1545 1489 1588 mittatis
1510 1546 1741 1588 hominem
1767 1560 1848 1601 pro

151 1619 413 1662 testimonio
428 1619 517 1662 fide
532 1619 734 1674 dignum,
757 1633 847 1673 quo
862 1622 1099 1673 praesente
1115 1618 1374 1673 Stephanus
1389 1617 1594 1673 Chereny
1620 1617 1675 1659 de
1691 1618 1845 1659 Balas-

95 1705 131 1731 20
150 1690 284 1732 falwa
316 1695 448 1732 aut..
471 1725 478 1732 .
502 1690 599 1732 aliis
627 1689 907 1739 absentibus,
941 1690 1077 1731 homo
1109 1693 1263 1731 noster
1294 1688 1524 1743 praefatos
1557 1688 1847 1730 Dominicum

149 1762 343 1803 electum
358 1762 507 1804 dictae
522 1760 733 1803 ecclesiae
748 1759 1066 1809 WaradiensiS,
1095 1773 1270 1801 necnon
1282 1759 1567 1814 Stephanum
1591 1759 1848 1801 waivodam

149 1836 193 1873 et
213 1833 473 1887 Johannem
493 1833 646 1888 Ongor
668 1836 928 1874 ammoneat
950 1831 1163 1885 dicatque
1178 1834 1223 1872 et
1238 1830 1500 1872 committat
1522 1830 1690 1872 eisdem
1709 1830 1849 1871 verbo

148 1908 319 1953 nostro,
341 1908 393 1946 ut
415 1904 500 1959 ipsi
520 1902 823 1959 praescriptas
844 1902 974 1944 dotes
995 1906 1039 1943 et
1060 1915 1130 1943 res
1150 1901 1456 1956 parafernales
1493 1905 1849 1943 memoratarum

150 1973 437 2017 dominarum
461 1975 698 2030 utriusque
714 1973 1008 2021 Katherinae,
1030 1986 1205 2014 necnon
1225 1972 1293 2013 ius
1312 1971 1628 2026 quartalitium
1649 1972 1851 2014 eiusdem

94 2059 132 2085 25
150 2044 361 2089 dominae
372 2046 684 2101 Sophiaeipsis
699 2045 754 2086 de
769 2044 1052 2100 praenotatis
1060 2042 1220 2085 castris
1234 2042 1610 2098 portionibusque
1625 2046 1669 2084 et
1679 2042 1851 2084 iuribus

151 2117 512 2172 possessionariis
545 2117 697 2166 modo,
735 2130 826 2171 quo
860 2129 997 2170 supra
1032 2114 1270 2169 provenire
1304 2113 1577 2155 debentibus
1611 2113 1852 2155 extradare

151 2187 348 2230 debeant
373 2192 418 2231 et
442 2192 699 2230 teneantur.
717 2187 805 2242 Qui
828 2186 864 2228 si
885 2185 1087 2234 fecerint,
1112 2185 1226 2226 bene
1241 2184 1440 2240 quidem,
1466 2184 1669 2239 alioquin
1692 2188 1851 2226 evocet

151 2259 334 2301 eosdem
374 2264 533 2302 contra
572 2262 820 2300 annotatas
858 2257 1065 2299 dominas
1104 2259 1385 2311 exponentes
1424 2255 1483 2297 ad
1521 2259 1709 2297 octavas
1748 2255 1853 2297 festi

151 2330 285 2372 Beati
315 2330 478 2385 Jacobi
512 2329 707 2385 apostoli
739 2328 944 2383 proxime
978 2332 1196 2370 venturas
1229 2330 1433 2368 nostram
1468 2326 1513 2367 in
1547 2326 1852 2381 praesentiam

98 2413 135 2440 30
151 2401 375 2444 rationem
411 2401 653 2457 superinde
689 2399 958 2441 reddituros.
999 2399 1059 2440 Et
1096 2398 1313 2454 posthaec
1336 2396 1595 2439 huiusmodi
1633 2398 1852 2439 ammoni-

152 2473 289 2515 tionis
315 2477 360 2514 et
387 2471 668 2515 evocationis
694 2471 854 2513 seriem
882 2484 984 2511 cum
1012 2473 1305 2511 evocatorum
1332 2468 1606 2516 nominibus,
1634 2472 1686 2509 ut
1714 2468 1849 2510 fuerit

151 2543 396 2600 expediens
418 2547 607 2585 octavas
630 2542 689 2584 ad
711 2541 967 2597 praedictas
990 2540 1119 2581 nobis
1142 2553 1223 2581 suo
1246 2539 1381 2580 modo
1404 2538 1675 2581 rescribatis.

297 2614 473 2656 Datum
500 2614 673 2663 Eudae,
701 2612 813 2654 feria
839 2616 969 2653 sexta
995 2610 1203 2666 proxima
1229 2615 1331 2665 post
1359 2610 1529 2651 festum
1552 2609 1853 2651 Sacratissimi

153 2685 360 2741 Corporis
387 2685 565 2727 Christi.
593 2685 728 2726 Anno
752 2683 954 2725 eiusdem
980 2681 1215 2723 Millesimo
1240 2680 1688 2735 quadringentesimo
1713 2694 1853 2722 nona-

98 2767 136 2794 35
153 2757 325 2812 gesimo
354 2755 532 2810 quinto.

299 2850 650 2894 (Transsumptum
688 2847 877 2892 originale
913 2845 1131 2880 conventui
1168 2845 1354 2880 ecclesiae
1397 2845 1447 2879 de
1486 2845 1851 2879 Kolozsmonostor.

153 2909 349 2954 Orszagos
378 2909 576 2948 Leveltar,
608 2908 828 2952 Budapest.
860 2906 923 2939 Dl.
955 2905 1107 2950 27982.)

299 2990 567 3033 Admonitio
613 2995 658 3031 et
705 2988 912 3031 evocatio
958 2987 1237 3042 praescripta
1281 2986 1404 3028 facta
1450 2991 1518 3027 est
1560 2986 1763 3029 Sabbato
1809 2991 1854 3028 et

156 3061 384 3104 dominica
428 3061 588 3103 diebus
634 3064 741 3102 ante
786 3059 954 3100 festum
1000 3058 1173 3099 Beatae
1217 3058 1532 3111 Margarethae
1578 3057 1763 3112 virginis
1809 3062 1854 3099 et

305 3190 319 3211 1
346 3190 581 3224 Dominieus
610 3187 905 3223 Kalmancsehi.
1013 3184 1027 3207 2
1054 3187 1102 3220 In
1127 3186 1341 3231 originale:
1370 3186 1543 3221 Illustro.

1878 2351 1903 2372 r.
1928 2341 2012 2381 Aug.
