2209 3643
135 1040 181 1069 13.
204 1030 271 1069 jan.

132 1596 180 1625 2&
207 1594 277 1623 Rufi

134 2374 159 2395 L
185 2364 267 2396 Nov.

119 2870 248 2909 13.Jan.

304 188 352 221 88
1070 185 1146 219 No.
1168 187 1217 226 69
1676 181 1751 235 [24.
1772 187 1862 232 Jan.
1894 189 1993 232 1508

448 316 616 358 Amicis
646 315 737 357 suis
769 314 1045 357 Reverendis
1076 315 1275 369 capitulo
1306 315 1515 357 ecclesiae
1545 316 1753 357 Albensis
1782 317 1994 373 Transyl-

303 401 462 429 vanae.
493 387 649 429 Comes
670 387 830 428 Petrus
851 399 999 427 comes
1020 385 1075 426 de
1098 385 1265 427 Sancto
1292 385 1481 441 Georgio
1508 391 1552 428 et
1582 387 1637 428 de
1675 387 1832 443 Bozyn
1858 388 1994 430 iudex

304 458 453 500 curiae
502 456 778 499 Serenissimi
821 456 1035 511 principis
1077 456 1249 497 domini
1282 457 1515 498 Wladislai
1567 457 1651 499 Dei
1683 458 1829 512 gratia
1880 459 1994 513 regis

304 527 577 582 Hungariae,
631 526 876 568 Bohemiae
928 531 1030 576 etc„
1083 540 1257 568 necnon
1310 527 1507 570 vaivoda
1557 528 1896 584 Transylvanus
1947 533 1993 571 et

302 599 552 640 Siculorum
596 611 757 638 comes.
802 597 1065 639 Amicitiam
1109 602 1318 652 paratam
1375 612 1477 640 cum
1520 599 1701 641 honore.
1749 599 1990 649 Noveritis,
2031 618 2051 644 5

304 669 426 723 quod
469 668 711 709 Balthasar
754 667 809 709 de
851 668 1001 724 Orozy
1043 682 1124 724 pro
1167 668 1393 711 Generosa
1436 683 1487 711 ac
1530 670 1769 724 Magnifica
1812 671 1996 712 domina

302 739 556 781 Katherina
596 742 801 780 consorte
842 739 1035 781 Illustris
1075 739 1246 781 domini
1287 740 1518 782 Laurentii
1559 740 1684 783 ducis
1724 740 1780 783 de
1831 741 1996 797 Wylak

302 824 404 851 cum
454 809 775 865 procuratoriis
824 809 987 852 litteris
1037 810 1224 866 capituli
1274 811 1484 853 ecclesiae
1535 812 1817 854 Chasmensis
1867 812 1997 854 iuxta

302 880 630 922 continentiam
673 880 929 923 litterarum
972 885 1231 923 nostrarum
1274 882 1687 937 prorogatoriarum
1731 897 1782 925 ac
1824 887 1996 925 vestra-

300 965 402 993 rum
444 951 806 993 evocatoriarum
849 956 894 993 et
937 951 1337 994 insinuatoriarum
1379 953 1425 994 in
1467 953 1781 1008 praesentibus
1823 954 1997 996 octavis
2011 970 2050 998 10

303 1022 407 1064 festi
455 1022 817 1077 Epiphaniarum
864 1023 1048 1064 Domini
1095 1023 1141 1065 in
1174 1024 1318 1078 figura
1343 1024 1486 1066 nostri
1533 1024 1685 1066 iudicii
1732 1038 1997 1079 comparens

303 1098 461 1135 contra
518 1094 745 1135 Illustrem
801 1094 1036 1135 dominum
1098 1095 1287 1149 Bogdan
1342 1095 1587 1137 vaivodam
1642 1096 1997 1138 Moldaviensem

302 1164 483 1206 easdem
511 1164 687 1206 litteras
714 1169 890 1206 vestras
917 1165 1198 1207 evocatorias
1226 1170 1270 1208 et
1298 1165 1618 1208 insinuatorias
1645 1167 1775 1208 nobis
1803 1167 1861 1208 ad
1888 1167 1998 1209 ami-

302 1235 493 1277 cabilem
528 1235 848 1278 litteratoriam
883 1236 1151 1291 petitionem
1184 1237 1451 1292 Spectabilis
1486 1242 1530 1279 et
1565 1237 1791 1292 Magnifici
1826 1237 1998 1280 domini

301 1306 496 1348 Emerici
543 1306 598 1348 de
645 1307 786 1348 Peren
834 1307 1012 1349 comitis
1058 1308 1265 1363 perpetui
1313 1308 1557 1350 comitatus
1603 1308 1998 1365 Abawyvariensis
2013 1325 2053 1351 15

301 1377 425 1432 regni
461 1377 723 1432 Hungariae
758 1378 949 1433 palatini
985 1383 1029 1420 et
1065 1378 1224 1421 iudicis
1260 1379 1562 1421 Comanorum
1597 1380 1836 1435 rescriptas
1871 1384 1998 1422 teno-

302 1461 487 1504 remque
519 1448 776 1490 litterarum
809 1449 1009 1491 eiusdem
1043 1449 1213 1491 domini
1247 1450 1441 1492 Emerici
1473 1451 1664 1506 palatini
1697 1451 1855 1493 Budae
1887 1451 1999 1493 feria

302 1525 467 1574 quarta
488 1519 697 1575 proxima
719 1525 821 1575 post
846 1521 1013 1562 festum
1036 1521 1326 1563 Pentecostes
1348 1521 1393 1562 in
1416 1535 1536 1563 anno
1557 1521 1741 1563 Domini
1762 1521 1998 1563 Millesimo

303 1591 664 1646 quingentesimo
690 1591 884 1646 septimo
910 1591 1114 1646 proxime
1140 1592 1408 1647 praeterit01
1435 1597 1751 1634 emanatarum
1777 1593 1997 1648 vobisque

300 1662 574 1704 directarum
622 1662 865 1704 verbaliter
912 1662 958 1703 in
1005 1677 1051 1704 se
1098 1663 1332 1713 habentes,
1382 1668 1630 1706 asserentes
1678 1664 1904 1706 actionem
1951 1668 1995 1705 et
2012 1679 2052 1705 20

301 1733 657 1788 propositionem
688 1733 836 1775 dictae
866 1733 1076 1775 dominae
1107 1734 1284 1776 actricis
1313 1734 1476 1776 litteris
1506 1734 1725 1776 contineri
1754 1735 1800 1776 in
1829 1734 1996 1777 eisdem

300 1804 430 1846 nobis
477 1804 786 1859 praesentavit
810 1805 839 1853 ;2
881 1810 965 1845 etc.
1019 1805 1109 1845 Vos
1157 1805 1294 1858 igitur
1341 1805 1654 1846 amicabilibus
1698 1805 1997 1860 petitionibus

302 1875 502 1917 eiusdem
528 1875 700 1917 domini
726 1875 919 1917 Emerici
945 1876 999 1917 de
1026 1876 1167 1917 Peren
1192 1876 1384 1931 palatini
1410 1881 1494 1918 etc.
1521 1881 1703 1931 gratum
1729 1877 1998 1932 praebentes

302 1960 569 1988 consensum
610 1960 807 1988 unacum
848 1946 948 1988 Elia
989 1946 1043 1988 de
1084 1947 1378 1989 Zewkefalwa
1418 1947 1600 1989 homine
1640 1961 1721 1989 suo
1761 1947 1998 2002 palatinali

301 2017 485 2059 unicum
520 2017 750 2059 hominem
778 2017 988 2059 videlicet
1024 2017 1269 2059 discretum
1304 2018 1573 2073 magistrum
1594 2018 1833 2060 Albertum
1853 2023 1997 2060 recto-
2013 2033 2052 2059 25

302 2101 395 2129 rem
427 2089 582 2130 altaris
613 2089 780 2130 Decem
812 2088 986 2130 milium
1017 2088 1215 2130 militum
1246 2093 1290 2130 et
1322 2094 1579 2144 martyrum
1608 2089 1654 2130 in
1685 2089 1783 2144 ipsa
1812 2089 1998 2131 ecclesia

303 2164 455 2200 vestra
479 2159 660 2201 fundati
686 2159 744 2201 ad
769 2159 1017 2214 praemissa
1040 2173 1122 2201 suo
1146 2160 1283 2201 modo
1306 2160 1564 2215 peragenda
1588 2164 1741 2202 vestro
1765 2174 1846 2215 pro
1871 2160 1998 2202 testi-

302 2230 454 2271 monio
493 2230 581 2271 fide
621 2230 808 2285 dignum
847 2230 1222 2272 transmisissetis.
1266 2231 1354 2286 Qui
1393 2231 1580 2272 tandem
1619 2231 1781 2272 exinde
1820 2231 1879 2272 ad
1917 2244 1999 2272 vos

303 2300 468 2342 reversi
505 2300 634 2342 vobis
672 2301 957 2343 uniformiter
993 2301 1251 2343 retulissent
1289 2316 1341 2343 eo
1378 2302 1528 2351 modo,
1567 2302 1795 2356 quomodo
1831 2301 1916 2357 ipsi
1953 2301 1999 2343 in

306 2369 423 2412 festo
460 2370 675 2413 Omnium
710 2372 981 2414 Sanctorum
1018 2372 1222 2427 proxime
1271 2373 1516 2427 praeterito
1565 2372 1624 2414 ad
1673 2372 1998 2428 possessionem
2015 2387 2054 2413 30

306 2440 742 2496 Bodogazzonfalwa
763 2447 976 2485 vocatam
999 2443 1045 2484 in
1067 2443 1190 2485 dicto
1213 2443 1435 2486 comitatu
1458 2444 1513 2485 de
1536 2444 1771 2499 Kykellew
1792 2443 1999 2485 habitam

305 2515 351 2552 et
383 2512 441 2553 ad
472 2512 645 2554 dictum
677 2518 877 2555 castrum
909 2514 1145 2569 Kykellew
1175 2514 1478 2569 pertinentem
1509 2514 1813 2563 accessissent,
1846 2514 2001 2568 ibique

306 2581 425 2623 idem
452 2583 588 2625 homo
614 2584 874 2638 palatinalis
901 2584 1025 2626 dicto
1051 2590 1203 2626 vestro
1229 2585 1491 2627 testimonio
1517 2589 1754 2640 praesente
1779 2598 1999 2626 memora-

306 2656 405 2694 tum
432 2653 666 2696 dominum
692 2655 882 2709 Bogdan
907 2655 1153 2697 vaivodam
1179 2660 1324 2697 terrae
1350 2656 1605 2697 Moldaviae
1631 2655 1832 2711 providis
1857 2656 1999 2696 Bene-

306 2722 429 2764 dicto
466 2724 624 2773 iudice,
665 2725 800 2767 Petro
837 2726 970 2781 Nagy
1006 2731 1051 2768 et
1090 2726 1337 2768 Benedicto
1361 2727 1460 2782 Kys
1497 2726 1669 2775 iuratis,
1708 2725 1999 2781 possessionis
2014 2739 2051 2766 35

307 2792 506 2835 eiusdem
536 2794 582 2836 id
612 2795 861 2837 videndum
891 2801 935 2838 et
968 2796 1245 2838 audiendum
1276 2802 1435 2839 contra
1465 2801 1735 2838 annotatam
1765 2795 1998 2837 dominam

310 2862 611 2906 Katherinam
634 2866 846 2907 actricem
870 2866 929 2908 ad
942 2867 1243 2922 praescriptas
1258 2872 1445 2909 octavas
1459 2867 1569 2908 dicti
1591 2866 1696 2908 festi
1719 2866 1997 2921 Epiphania-

307 2945 407 2973 rum
450 2933 633 2976 Domini
676 2940 786 2977 tunc
828 2941 1044 2978 venturas
1086 2942 1289 2979 nostram
1332 2940 1563 2979 evocasset
1605 2936 1651 2977 in
1693 2936 1998 2990 praesentiam

454 3097 467 3117 1
497 3096 544 3130 In
571 3098 776 3142 originali:
805 3100 1081 3144 praeteritum.

454 3150 469 3174 2
494 3155 595 3189 Vide
618 3159 777 3191 textum
803 3159 1034 3192 documenti
1058 3162 1255 3193 annotato
1280 3159 1329 3192 de
1353 3168 1460 3192 anno
1488 3168 1584 3203 1507
1610 3158 1684 3192 sub
1709 3157 1784 3191 No.
1812 3159 1872 3202 65.
2013 3173 2054 3199 40
