2209 3643
160 177 214 210 16.
249 175 338 211 Oct.
370 171 480 226 1503]
932 177 1005 212 No.
1028 188 1074 222 55
1797 180 1846 219 69

149 306 448 348 articulorum
481 305 552 347 hic
584 320 688 347 cum
721 306 976 347 oratoribus
1007 307 1098 347 suis
1131 306 1453 356 confectorum,
1488 307 1547 349 ad
1578 307 1847 349 revisionem

156 377 333 418 illarum
364 382 586 419 terrarum
617 381 817 418 oratores
848 382 1025 419 nostros
1056 391 1137 432 pro
1168 377 1516 420 arbitratoribus
1547 378 1844 426 mitteremus,

155 448 233 489 sed
268 452 507 503 tamquam
543 449 686 489 bonos
722 448 992 490 mediatores
1028 454 1072 490 ct
1110 449 1300 490 honesta
1335 449 1459 504 pacis
1495 450 1657 498 media,
1694 450 1847 504 sicque

155 524 199 560 et
225 520 310 561 hac
334 519 552 561 facultate
590 523 909 573 potestateque
946 520 1267 562 tantummodo
1292 525 1336 562 et
1362 534 1452 562 non
1477 521 1565 562 alia
1589 534 1731 562 novos
1757 520 1847 562 iam

120 601 139 627 5
157 595 356 632 oratores
384 595 561 632 nostros
591 589 680 631 iam
709 590 883 645 pridem
912 591 1239 645 expedivimus,
1270 591 1347 646 qui
1376 606 1457 646 pro
1486 592 1601 633 festo
1630 591 1846 633 Omnium

152 661 422 703 Sanctorum
460 661 590 702 iuxta
627 661 834 702 habitam
872 661 943 703 hic
981 662 1281 711 concordiam,
1322 676 1424 704 cum
1463 663 1718 704 oratoribus
1755 661 1846 704 suis

155 732 199 774 in
222 732 462 788 Kolachyn
483 732 683 781 inducto,
705 731 844 773 etiam
871 733 930 774 ad
955 732 1000 774 id
1027 733 1123 788 ipso
1149 733 1357 775 waivoda
1381 738 1487 775 sunt
1529 734 1712 776 omnino
1742 747 1846 776 con-

153 802 374 845 stituturi.
393 804 540 858 Quare
555 817 766 857 rogamus
785 804 976 845 eandem
991 804 1277 846 Maiestatem
1292 805 1516 853 Vestram,
1534 805 1643 846 velit
1665 805 1847 860 cognita

153 874 395 916 sedulitate
430 879 474 916 et
511 874 746 928 diligentia
780 879 949 923 nostra,
987 889 1124 929 quam
1161 875 1205 916 in
1241 889 1377 916 causa
1411 875 1494 917 hac
1530 890 1610 930 pro
1645 875 1846 918 ulteriori

96 956 134 983 10
153 945 486 1000 tranquillitate
516 959 598 986 sua
627 950 672 986 et
704 945 846 987 totius
875 946 1000 1000 regni
1029 946 1098 987 sui
1129 945 1452 1001 praestitimus,
1486 947 1618 988 huius
1648 952 1845 989 navatae

153 1031 314 1072 operae
351 1021 532 1058 nostrae
569 1016 734 1058 habere
758 1016 981 1058 rationem
1006 1021 1050 1059 et
1077 1017 1131 1059 de
1156 1017 1311 1058 oblata
1334 1017 1628 1059 neutralitate
1652 1032 1733 1073 pro
1759 1018 1846 1059 isto

153 1092 357 1143 tempore
386 1087 655 1135 contentari,
686 1101 879 1142 suosque
908 1092 1108 1129 oratores
1136 1101 1214 1129 seu
1242 1088 1516 1130 consiliarios
1545 1089 1604 1130 ad
1632 1089 1845 1143 praemis-

153 1173 254 1200 sum
283 1159 402 1200 diem
430 1163 474 1200 et
503 1159 651 1199 locum
680 1158 809 1200 celeri
838 1172 970 1200 cursu
997 1159 1207 1213 expedire
1234 1164 1278 1200 et
1308 1159 1491 1201 omnino
1519 1160 1843 1208 transmittere,

153 1244 233 1271 nec
267 1230 428 1284 quavis
460 1229 634 1271 ratione
667 1243 748 1284 pro
792 1229 992 1271 ulteriori
1024 1230 1364 1271 conservatione
1397 1230 1578 1272 honoris
1610 1229 1846 1286 utriusque

92 1310 137 1338 15
153 1305 360 1342 nostrum
404 1306 681 1342 conventum
725 1300 861 1342 semel
906 1300 1126 1342 indictum
1170 1305 1215 1342 et
1260 1301 1443 1355 quidem
1487 1301 1747 1351 salutarem,
1793 1307 1844 1343 ut

154 1376 384 1427 putamus,
414 1371 621 1426 partibus
650 1371 856 1412 futurum
884 1372 1118 1426 negligere.
1151 1372 1273 1426 Quos
1302 1372 1485 1426 quidem
1514 1377 1713 1414 oratores
1741 1386 1845 1414 suos

153 1442 297 1485 nostri
323 1442 395 1484 vel
420 1448 524 1497 post
551 1442 848 1497 praemissum
876 1443 994 1484 diem
1021 1447 1126 1484 sunt
1154 1442 1254 1484 istic
1281 1442 1326 1484 in
1352 1443 1449 1484 loco
1476 1443 1659 1485 omnino
1686 1458 1844 1499 expec—

154 1513 312 1562 taturi,
345 1528 400 1556 ne
431 1518 590 1555 tantus
621 1518 872 1555 conventus
902 1518 946 1555 et
978 1528 1056 1568 per
1086 1513 1170 1555 loci
1201 1513 1467 1555 distantiam
1498 1514 1608 1556 satis
1638 1514 1845 1569 partibus

153 1585 403 1627 laboriosus
444 1584 538 1626 sine
568 1588 729 1639 optato
759 1584 910 1638 aliquo
940 1584 1030 1626 fine
1060 1589 1218 1626 contra
1247 1585 1449 1626 omnium
1478 1586 1844 1640 expectationem

91 1667 136 1693 20
154 1657 428 1698 dissolvatur
466 1660 511 1697 et
552 1655 729 1697 animus
768 1655 1000 1697 waivodae
1039 1655 1195 1704 nostri,
1237 1656 1294 1697 ab
1334 1656 1422 1697 ista
1460 1656 1693 1706 revisione,
1735 1657 1846 1699 data

154 1727 385 1770 occasione
426 1726 614 1768 alicuius
649 1726 959 1781 negligentiae,
1010 1731 1168 1781 postea
1216 1726 1497 1768 distrahatur
1544 1727 1844 1770 abalienetur-

153 1813 253 1854 que.
295 1799 355 1840 Et
395 1812 498 1839 cum
536 1797 731 1839 sciamus
769 1797 1055 1839 Maiestatem
1094 1798 1303 1839 Vestram
1341 1812 1422 1852 pro
1461 1812 1542 1840 suo
1579 1799 1844 1853 gravissimo

153 1869 338 1912 consilio
372 1883 441 1910 res
475 1882 580 1910 suas
614 1873 659 1910 et
694 1868 818 1923 regni
852 1868 921 1910 sui
955 1868 1030 1910 via
1064 1868 1216 1923 potius
1250 1869 1528 1917 concordiae,
1565 1883 1704 1923 quam
1739 1870 1843 1911 belli

154 1954 421 1996 componere
443 1940 741 1988 consuevisse,
766 1939 918 1981 taliter
939 1939 1010 1981 vel
1032 1938 1077 1980 in
1100 1939 1326 1994 praesenti
1348 1953 1484 1981 causa
1505 1953 1656 1981 secum
1679 1941 1843 1982 consti-

90 2022 136 2048 25
153 2016 271 2061 tuat,
305 2016 357 2053 ut
390 2025 572 2066 prorsus
604 2011 709 2052 belli
743 2010 1094 2065 cogitationibus
1127 2010 1186 2052 ad
1218 2015 1395 2065 partem
1428 2011 1648 2065 sepositis,
1684 2025 1842 2066 pacem

152 2088 196 2124 et
234 2082 521 2125 concordiam
557 2083 614 2124 ob
650 2081 885 2136 utriusque
920 2085 1122 2123 nostram
1158 2081 1357 2136 quietem
1392 2081 1594 2123 futuram
1630 2082 1843 2137 amplecti

151 2154 261 2196 velit
289 2158 333 2195 et
361 2153 416 2195 de
443 2153 672 2195 sumendis
700 2153 835 2194 armis
863 2152 1065 2194 animum
1093 2156 1267 2201 avocet,
1297 2166 1348 2194 ac
1375 2153 1450 2194 via
1476 2167 1704 2194 armorum
1731 2153 1843 2195 nihil

151 2238 334 2279 prorsus
355 2229 531 2266 attente
553 2238 786 2279 speramus
808 2237 1043 2278 nunquam
1065 2236 1145 2264 nos
1167 2222 1325 2264 confisi
1347 2223 1392 2264 in
1414 2228 1645 2265 oratorum
1667 2229 1841 2266 nostro-

150 2310 251 2337 rum
282 2295 505 2337 industria
534 2310 586 2337 ac
616 2295 821 2350 diligenti
849 2294 1001 2336 studio
1031 2294 1201 2335 bonum
1231 2293 1427 2348 aliquem
1457 2294 1631 2335 exitum
1661 2309 1841 2337 concor-

93 2376 133 2403 30
151 2367 251 2408 diae
281 2366 530 2408 habituros.
564 2367 625 2408 Et
656 2370 759 2421 post
780 2367 890 2407 haec
910 2365 1047 2406 etiam
1074 2365 1183 2406 velit
1214 2364 1299 2406 sibi
1329 2365 1596 2419 persuadere
1629 2366 1840 2408 Maiestas

152 2438 316 2479 Vestra
336 2451 418 2479 nos
440 2452 531 2480 non
554 2437 799 2479 destituros
822 2442 866 2478 et
890 2449 1044 2478 omnes
1067 2436 1164 2477 vias
1187 2435 1419 2490 possibiles
1441 2440 1487 2477 et
1510 2436 1668 2478 modos
1691 2451 1840 2478 neces-

149 2508 289 2550 sarios
333 2509 616 2563 quaesituros
661 2522 712 2550 ac
756 2511 1026 2555 tentaturos,
1074 2520 1163 2560 quo
1207 2506 1490 2548 differentiae
1535 2507 1721 2548 obortae
1766 2507 1841 2549 via

149 2580 366 2621 honestae
403 2579 681 2628 concordiae,
704 2593 795 2620 non
816 2591 1043 2620 armorum
1063 2577 1277 2618 sedentur
1297 2581 1341 2618 et
1363 2577 1408 2618 in
1429 2577 1699 2619 alterutrum
1719 2583 1839 2620 recte

150 2650 508 2705 complanentur.
535 2651 773 2693 Caeterum
801 2649 910 2704 quid
936 2647 1177 2690 novissime
1193 2661 1295 2689 cum
1311 2648 1566 2690 oratoribus
1588 2648 1839 2690 Maiestatis

90 2729 131 2756 35
149 2721 336 2762 Vestrae
371 2720 443 2763 hic
480 2721 526 2762 in
562 2735 698 2763 causa
734 2719 905 2762 ferendi
941 2718 1096 2760 auxilii
1131 2717 1351 2773 egerimus
1387 2733 1438 2760 ac
1475 2719 1837 2769 tractaverimus,

148 2805 240 2832 non
254 2791 519 2833 dubitamus
544 2792 735 2833 eandem
755 2805 811 2833 ex
836 2791 1012 2831 illorum
1037 2788 1141 2830 fidis
1164 2789 1382 2830 relatibus
1405 2789 1538 2844 plane
1563 2790 1653 2831 iam
1678 2804 1839 2845 cogno-

147 2875 268 2904 scere
287 2862 501 2917 potuisse.
524 2863 672 2918 Quam
702 2867 747 2904 et
778 2862 891 2903 bene
921 2859 1198 2914 feliciterque
1228 2860 1377 2901 valere
1406 2874 1582 2915 semper
1611 2865 1836 2916 optamus.

293 2933 467 2974 Datum
508 2933 666 2975 Budae
706 2933 752 2974 in
792 2933 908 2974 festo
946 2930 1100 2972 Sancti
1140 2930 1269 2972 Galli.
1313 2931 1445 2972 Anno
1486 2931 1670 2973 Domini
1712 2942 1836 2985 1503.

295 3037 431 3083 (Copia
464 3048 624 3072 coaeva.
660 3036 913 3071 Bibliotheca
933 3035 1080 3079 Regiae
1100 3034 1396 3075 Universitatis,
1421 3035 1639 3081 Budapest.
1662 3036 1839 3072 Litterae

88 3106 132 3132 40
148 3096 357 3141 originales
377 3107 451 3140 3.a.
480 3097 620 3131 Edidit
634 3096 824 3140 Georgius
839 3096 944 3140 Pray
963 3105 969 3127 :
998 3094 1283 3128 Commentarii
1308 3094 1485 3129 historici
1510 3105 1600 3140 pag.
1626 3096 1837 3139 186—189.

146 3157 189 3189 et
217 3154 476 3189 «Tortenelmi
495 3156 593 3190 Tar»
618 3157 726 3197 1906.
751 3165 839 3200 pag.
867 3153 1091 3198 174—176.)

1870 615 1895 635 1.
1919 606 2001 640 Nox',
