2209 3643
341 225 386 260 32
1055 211 1131 246 No.
1155 221 1302 255 29—30
1716 205 1789 260 [17.
1810 208 1902 253 Jun.
1928 217 2025 253 1477

1150 338 1220 380 29.

865 435 1066 484 Venezia,
1099 447 1168 490 17.
1202 435 1237 489 J
1238 435 1340 477 unii
1370 447 1497 490 1477.

332 528 511 568 Senatus
519 531 700 566 secretus
709 525 973 565 VenetusSer
981 525 1168 564 Antonio
1177 525 1339 565 Victuri
1346 525 1481 572 militi,
1492 525 1648 565 oratori
1656 537 1731 564 suo
1740 525 1782 564 in
1792 525 2022 576 Hungaria.

478 624 575 666 Etsi
612 623 718 676 falsi
743 637 936 664 rumores
963 623 1094 665 etiam
1119 624 1176 665 ad
1201 624 1351 665 aulam
1375 624 1432 665 M
1433 624 1576 666 athiae
1602 623 1711 679 regis
1735 624 2021 679 pervenerint,

335 709 478 737 securo
514 695 662 736 aniino
698 708 796 735 euni
831 708 919 736 esse
954 694 1070 736 iubet
1105 695 1318 750 simulque
1358 695 1542 749 legatum
1577 709 1707 736 suum
1741 709 1768 736 a
1803 694 2022 750 Stephano
2059 713 2076 740 5

336 766 515 808 vaivoda
541 766 597 806 M
599 765 793 806 oldaviae
820 765 1011 806 benevole
1037 770 1257 820 acceptum
1282 765 1595 821 dimissumque
1621 779 1721 814 esse,
1749 779 1927 807 causam
1952 765 2025 807 do-

335 837 447 878 mini
473 836 544 878 sui
570 836 690 891 apud
716 836 761 877 S.
791 835 943 877 Sedern
967 836 1144 877 libenter
1168 836 1484 878 commendasse
1508 837 1644 889 refert.

479 930 821 972 Nudiustertius
863 944 1011 972 novae
1052 930 1183 973 nobis
1212 935 1318 972 sunt
1350 931 1553 973 redditae
1589 930 1768 972 litterae
1808 931 1897 972 Vrae
1938 929 2026 972 diei

198 1026 224 1045 1.
246 1015 316 1054 Jun.
340 1002 471 1058 primi
506 1001 733 1050 instantis,
770 1001 816 1042 in
853 1001 1017 1056 quibus
1052 1002 1141 1044 tria
1177 1002 1480 1051 continentur,
1518 1002 1577 1044 ad
1612 1015 1728 1056 quae
1764 1001 2026 1043 brevissime

332 1072 588 1127 responsuri
613 1072 821 1114 venimus
847 1071 893 1113 in
920 1073 1041 1114 hunc
1068 1072 1280 1114 modum:
1312 1073 1372 1115 Et
1399 1073 1544 1128 primo
1572 1073 1631 1114 ad
1657 1077 1836 1128 partem
1860 1072 2075 1115 Slesiae10

332 1149 376 1186 et
405 1143 594 1184 aliarum
621 1157 770 1184 rerum
798 1143 915 1184 illius
942 1144 1160 1199 temporis
1187 1143 1250 1185 nil
1270 1144 1394 1186 aliud
1415 1144 1560 1186 dicere
1586 1144 1797 1185 volumus
1826 1143 1872 1185 in
1898 1157 2025 1198 prae-

332 1214 594 1263 sentiarum,
624 1214 840 1269 quoniam
879 1215 990 1256 satis
1020 1219 1127 1256 ante
1155 1216 1240 1256 hac
1268 1214 1443 1257 dictum
1470 1219 1537 1257 est
1567 1214 1613 1255 in
1641 1228 1694 1257 ea
1722 1214 1925 1256 materia.
1957 1215 2026 1256 De

329 1285 560 1341 Stephano
586 1285 797 1335 vaivoda‚
826 1299 942 1340 quae
967 1286 1054 1328 fuit
1081 1285 1280 1328 secunda
1305 1299 1422 1341 pars,
1452 1285 1642 1327 confessi
1667 1299 1844 1341 semper
1869 1298 2024 1327 sumus

333 1362 377 1398 et
398 1357 665 1398 confitemur
684 1357 850 1398 favisse
869 1356 932 1398 illi
952 1356 1166 1407 studiose,
1189 1361 1240 1399 ut
1262 1357 1388 1399 cuius
1408 1357 1603 1399 salutem
1624 1357 1834 1398 arbitrati
1853 1369 2022 1406 sumus,

333 1428 406 1470 isti
444 1442 579 1483 regno
618 1428 664 1468 in
690 1433 933 1483 utramque
971 1433 1148 1483 partem
1187 1428 1433 1483 plurimum
1472 1428 1746 1483 importare:
1788 1427 1917 1469 testis
1955 1432 2023 1470 est
2038 1432 2076 1460 15

331 1499 542 1541 Summus
579 1499 791 1541 Pontifex
828 1513 931 1540 cum
968 1499 1179 1541 universa
1215 1499 1339 1541 curia
1373 1513 1455 1541 nos
1483 1499 1529 1540 in
1565 1499 1770 1541 favorem
1803 1498 2024 1553 Stephani

331 1584 565 1625 nunquam
600 1570 736 1611 fuisse
770 1571 958 1619 locutos,
994 1570 1079 1611 nisi
1114 1570 1402 1612 convenienti
1437 1574 1481 1612 et
1516 1570 1758 1612 honorifice
1792 1569 1848 1611 de
1883 1569 2024 1624 Regia

328 1640 637 1690 Subhmitate,
664 1642 793 1683 testis
817 1646 884 1683 est
921 1642 1019 1696 ipsa
1056 1641 1198 1696 Regia
1232 1641 1460 1690 Maiestas,
1498 1654 1615 1696 quae
1650 1641 1780 1682 vobis
1816 1644 1861 1681 et
1897 1653 2024 1695 prae-

333 1713 492 1754 cessori
518 1716 669 1754 vestro
697 1713 958 1761 affirmavit,
986 1712 1287 1754 necessarium
1313 1725 1407 1754 esse
1434 1725 1700 1754 conservare
1723 1711 2022 1766 Stephanum,

332 1787 376 1824 et
408 1783 469 1824 illi
499 1797 631 1839 opem
662 1783 775 1825 ferre
806 1783 1071 1825 multotiens
1102 1783 1308 1838 promisit
1341 1788 1385 1824 et
1417 1783 1622 1832 assensit,
1654 1787 1706 1824 ut
1738 1783 1792 1825 de
1822 1782 2024 1837 pecuniis
2038 1787 2074 1813 2⁰

332 1854 678 1896 contributionis
706 1855 827 1896 ultra
855 1855 1024 1909 primas
1052 1854 1282 1895 Maiestati
1307 1854 1423 1895 Suae
1451 1855 1738 1908 consignatas
1766 1852 1914 1908 portio
1943 1866 2024 1895 sua

333 1924 476 1967 eidem
499 1925 730 1981 Stephano
757 1925 954 1967 daretur.
984 1925 1222 1967 Oratorem
1240 1929 1469 1979 postremo
1485 1925 1685 1966 eiusdem
1699 1923 1923 1966 vaivodae
1947 1937 2023 1965 ve-

331 1996 530 2037 nientem
562 1997 622 2038 ad
653 2010 735 2038 nos
767 2000 811 2037 et
845 1996 890 2038 in
924 1997 1180 2038 Romanam
1213 1995 1385 2037 curiam
1416 1995 1774 2050 proficiscentem
1807 1999 2024 2037 consueta

331 2072 486 2108 nostra
509 2067 729 2109 facilitate
753 2072 798 2109 et
822 2067 1058 2109 alacritate
1081 2067 1278 2108 vidimus
1302 2070 1347 2108 et
1371 2066 1629 2108 audivimus
1653 2071 1697 2108 et
1721 2066 1851 2107 bonis
1874 2065 2024 2107 verbis

332 2138 643 2192 expedivimus
665 2152 757 2180 non
780 2152 883 2181 cum
907 2137 1091 2180 consilio
1115 2138 1174 2187 X,
1198 2151 1345 2192 neque
1368 2137 1459 2179 ullo
1482 2151 1602 2180 novo
1625 2141 1670 2178 et
1693 2136 1912 2178 inusitato
1935 2150 2023 2178 ser·
2039 2140 2075 2167 25

332 2213 441 2250 vato
468 2223 569 2251 cum
596 2223 647 2251 eo
673 2210 809 2251 modo
835 2210 907 2251 vel
932 2209 978 2251 in
1004 2208 1284 2264 excipiendo,
1314 2208 1386 2250 vel
1412 2207 1457 2249 in
1483 2207 1709 2250 audiendo
1735 2212 1816 2249 aut
1842 2221 2022 2263 respon-

333 2278 494 2329 dendo,
519 2280 635 2322 sicut
660 2281 772 2322 falso
804 2280 970 2335 Regiae
991 2279 1273 2322 Sublimitati
1308 2280 1502 2320 relatum
1526 2284 1606 2321 est.
1634 2280 1694 2321 Et
1719 2279 1841 2321 Deus
1864 2283 2022 2334 parcat

334 2349 431 2399 illis,
464 2351 541 2405 qui
571 2351 829 2394 huiusmodi
860 2351 1080 2407 praebent
1112 2350 1428 2393 advisamenta
1459 2365 1486 2392 a
1516 2350 1710 2393 veritate
1737 2350 1883 2392 aliena
1893 2364 1901 2399 ;
1935 2353 2019 2391 etc.

443 2446 664 2491 (Originale.
686 2447 802 2481 Arch.
825 2446 865 2481 di
877 2447 1005 2487 Stato,
1021 2446 1203 2480 Venezia.
1220 2445 1346 2480 Delib.
1361 2445 1507 2480 Senato
1522 2445 1553 2480 I.
1572 2445 1667 2490 Reg.
1685 2445 1743 2479 28.
1767 2444 1831 2479 fol.
1849 2444 1924 2488 22.)

1139 2584 1208 2626 30.
2039 2589 2074 2616 30

849 2683 995 2733 Euda,
1036 2695 1105 2725 22.
1148 2682 1338 2725 Octobris
1377 2694 1504 2736 1479.

539 2773 721 2813 Mathias
750 2787 823 2812 rex
853 2774 1096 2825 Hungariae
1123 2773 1244 2812 Sixto
1275 2773 1346 2812 IV.
1381 2771 1575 2811 Pontifici
1606 2771 1810 2810 Romano.

479 2871 611 2912 Turci
631 2886 728 2913 cuni
748 2885 889 2926 43000
914 2873 1118 2915 Valacliis
1138 2886 1187 2914 ex
1206 2872 1416 2914 Valachia
1438 2870 1804 2923 Transylvaniam
1822 2869 2019 2924 aggressi,

333 2954 359 2980 a
379 2940 594 2995 Stephano
612 2943 801 2997 Bathory
820 2949 856 2985 et
870 2944 1011 2985 Paulo
1026 2943 1207 2985 Kinizsi
1225 2943 1341 2984 clade
1358 2941 1551 2983 maxima
1569 2941 1837 2993 afficiuntur,
1856 2940 2019 2995 pedites

340 3010 377 3050 V
380 3011 498 3051 atach
507 3012 520 3052 i
551 3026 645 3054 vero
677 3013 807 3065 ferme
839 3029 984 3056 onmes
1017 3019 1236 3056 necantur.
2035 3012 2072 3039 3⁵

476 3103 840 3159 Significaveram
867 3107 1007 3150 etiam
1032 3107 1355 3164 posterioribus
1380 3105 1542 3148 litteris
1568 3105 1624 3147 de
1649 3104 1830 3147 incursu
1855 3105 2021 3147 Turco-

335 3186 449 3222 rum,
475 3187 608 3228 quem
631 3176 677 3217 in
699 3191 800 3219 mea
823 3183 952 3220 extra
973 3180 1059 3222 hoc
1081 3193 1269 3234 regnum
1292 3176 1499 3220 absentia
1520 3176 1605 3219 sub
1627 3176 1857 3219 conductu
1878 3176 2021 3217 Vene-
