2209 3643
209 213 272 237 22.
293 202 402 249 Sept.
430 197 539 251 1530]
970 201 1045 235 No.
1073 210 1140 246 172
1831 209 1901 243 213

209 334 350 377 verba
387 336 519 375 atrox
558 332 629 374 ille
667 336 890 388 tyrannus
927 331 1231 387 respondens:
1273 331 1478 387 «Quem?
1522 329 1899 372 Ferdinandum?

208 406 312 447 Non
333 404 577 446 nominetis
596 403 706 445 mihi
725 416 890 444 nomen
911 403 1047 451 istud,
1069 403 1146 458 qui
1165 416 1256 444 non
1275 407 1473 445 meretur
1491 416 1655 444 nornen
1674 401 1901 444 hominis».

209 476 434 518 Adiacens
481 488 589 517 vero
636 473 763 516 lateri
802 473 870 515 sui
907 474 1150 523 caniculus,
1188 488 1323 529 quem
1365 473 1508 528 digito
1543 472 1902 520 demonstrabat,

210 547 363 589 dicens
385 560 392 588 1
412 546 605 588 «Videtis
622 545 760 587 istum
777 557 935 586 canem
963 559 1129 594 meum,
1159 559 1250 586 non
1277 549 1373 586 tam
1402 545 1548 586 bonus
1575 548 1643 587 est
1659 543 1904 586 Ferdinan-

173 617 308 667 sduS,
344 617 413 659 uti
447 617 570 659 canis
604 630 730 658 meus
764 614 862 663 iste,
898 616 976 657 sed
1010 621 1077 658 est
1111 616 1323 658 seductor
1356 614 1732 665 christianitatis;
1769 614 1905 669 igitur

209 689 328 730 illius
370 688 522 730 fideles
564 701 620 729 ne
662 686 801 729 estis».
851 687 1200 741 Responderunt
1253 691 1478 728 oratores:
1525 686 1707 728 «Adhuc
1766 685 1903 727 alium

209 759 469 801 neseimus.»
504 758 799 813 Respondens
830 757 1058 800 vaivoda:
1093 758 1380 812 «Propediem
1411 757 1715 813 experiemini,
1748 761 1903 798 utrum

207 830 292 872 erit
317 829 527 872 dominus
550 834 713 878 vester,
749 831 794 870 et
830 827 1058 883 ingentem
1093 828 1341 870 exercitum
1377 828 1652 870 instruxerat
1688 827 1904 869 adversus

207 901 641 943 Transsilvanenses.
685 897 889 942 Tandem
932 899 1173 955 despondit
1215 900 1433 948 animum,
1477 899 1559 941 ivit
1602 899 1646 940 in
1684 898 1903 940 auxilium

151 992 190 1019 ιο
207 972 389 1014 cuidam
431 971 654 1013 vaivodae
708 971 1089 1026 Transalpinensi,
1147 984 1254 1011 nam
1298 974 1407 1012 tunc
1462 969 1678 1025 temporis
1726 982 1905 1010 summa

206 1042 433 1085 discordia
459 1042 591 1084 isthic
625 1042 843 1084 aderat».1

352 1148 881 1193 (Originale.Staatsarchiv,
906 1148 1030 1182 Wien.
1049 1147 1289 1192 Hungarica.
1306 1146 1468 1181 Edidit:
1502 1145 1649 1180 Archiv
1677 1145 1745 1180 des
1771 1145 1903 1180 Verei-

204 1219 276 1243 nes
305 1208 369 1243 fiir
398 1208 743 1253 siebenbi'irgische
776 1208 1072 1242 Landeskunde
1103 1206 1181 1240 vol.
1208 1207 1268 1241 28.
1293 1216 1383 1252 pag.
1410 1206 1512 1250 484.)

1007 1371 1106 1412 172.

151 1512 187 1539 15
643 1483 712 1536 [A
724 1482 918 1538 ugsburg,
938 1494 1006 1523 22.
1027 1481 1288 1537 Septembris
1305 1482 1463 1534 1530]

253 1573 473 1623 Johannes
498 1573 636 1611 Fuchs
660 1571 970 1611 Brassoviensis
995 1571 1097 1610 civis
1130 1575 1171 1609 et
1199 1571 1374 1610 nuntius
1400 1569 1666 1610 Ferdinando
1692 1569 1724 1608 Ι.
1751 1569 1848 1620 regi.

356 1672 465 1715 Urbi
492 1673 654 1713 Brasso'
679 1671 849 1713 lucrum
873 1670 1179 1726 vigesimarum
1203 1670 1358 1712 donari
1383 1669 1649 1712 commendat
1673 1668 1730 1710 ad
1753 1672 1903 1724 pacem

205 1744 435 1798 fovendam
465 1757 563 1785 cum
588 1742 793 1784 Valachis
814 1746 997 1797 tempore
1017 1741 1322 1783 nundinarum
1352 1740 1543 1796 undique
1572 1739 1900 1791 confluentibus,

353 1851 591 1893 Caeterum
606 1849 661 1892 de
676 1849 892 1904 vigesima
919 1847 1229 1890 Brassoviensi
1256 1841 1323 1889 Mti
1357 1847 1446 1889 Vrae
1473 1847 1636 1889 iterum
1663 1850 1801 1901 atque
1821 1846 1903 1887 ite-

148 1950 191 1976 20
206 1937 307 1965 rum
322 1921 572 1964 humillime
593 1920 811 1976 supplico,
828 1920 896 1962 uti
910 1933 1010 1961 eam
1031 1920 1076 1960 in
1097 1918 1307 1960 manibus
1322 1918 1470 1960 dictae
1486 1917 1688 1959 civitatis
1707 1917 1903 1972 gratiose

207 1993 471 2049 permittere
505 1992 729 2046 dignetur,
765 2005 857 2045 quo
891 1990 1053 2032 misera
1087 1990 1248 2032 civitas
1282 1989 1552 2031 damnorum
1585 1992 1902 2043 perceptorum

207 2065 415 2106 levamen
455 2062 640 2118 aliquod
678 2061 843 2104 habere
881 2060 1038 2116 possit.
1080 2061 1172 2103 Ubi
1210 2074 1319 2102 vero
1357 2059 1570 2101 Maiestas
1608 2059 1682 2100 Vra
1723 2058 1902 2100 civitati

206 2139 389 2177 nostrae
421 2134 615 2189 gratiam
649 2133 694 2174 in
726 2133 810 2174 hac
843 2136 973 2188 parte
1006 2132 1151 2173 facere
1183 2145 1274 2173 non
1306 2134 1472 2186 posset,
1507 2130 1575 2171 uti
1608 2129 1769 2171 saltem
1801 2143 1902 2171 eam

207 2205 472 2261 vigesimam
499 2204 558 2246 ad
590 2204 739 2246 dictae
764 2202 964 2245 civitatis
985 2202 1140 2244 fideles
1164 2215 1326 2243 manus
1352 2201 1410 2243 ad
1435 2200 1680 2243 terminum
1705 2200 1901 2254 aliquem

150 2304 191 2330 25
207 2276 537 2332 praescriptum
575 2275 753 2317 tradere
791 2274 1015 2329 dignetur,
1055 2286 1146 2327 quo
1183 2272 1554 2328 periculosissime
1576 2271 1661 2313 hoc
1698 2275 1902 2326 tempore

208 2361 311 2389 cum
342 2347 553 2389 Valachis
584 2345 911 2388 mercatoribus
941 2344 1000 2385 ad
1031 2357 1131 2385 eam
1156 2343 1309 2385 venire
1340 2343 1498 2391 solitis,
1530 2341 1689 2384 vicinis
1719 2341 1899 2390 nostris,

208 2423 341 2460 tanto
364 2417 564 2473 quietius
585 2417 738 2459 vivere
760 2416 1002 2471 possimus;
1027 2414 1105 2469 qui
1127 2414 1326 2468 alioquin
1349 2413 1407 2455 ab
1429 2413 1595 2455 exteris
1617 2413 1662 2453 in
1684 2412 1902 2467 vigesima

207 2489 363 2531 crebro
393 2488 708 2537 molestantur,
741 2487 861 2529 unde
893 2487 1150 2540 frequenter
1181 2484 1287 2526 novi
1319 2484 1544 2526 tumultus
1576 2483 1795 2525 oriuntur.

356 2560 474 2608 Fiat,
498 2563 545 2600 ut
566 2559 728 2614 petitur
750 2570 818 2600 22.
839 2555 1116 2612 Septembris
1141 2566 1264 2608 1530.

153 2681 191 2707 30
499 2664 833 2710 (Autographum.
881 2660 1168 2700 Staatsarchiv,
1219 2660 1343 2694 Wien.
1394 2659 1652 2704 Hungarica.)

359 2842 372 2863 1
389 2841 585 2876 Chronica
601 2845 740 2876 nostra
756 2842 853 2875 haec
871 2839 1051 2874 continet
1070 2849 1076 2872 :
1112 2848 1209 2883 1530
1226 2838 1290 2872 die
1304 2837 1341 2871 S.
1362 2836 1445 2871 Viti
1462 2836 1665 2881 Mojzilam
1683 2836 1899 2871 vaivodam
1925 2854 1972 2885 15-
1995 2848 2081 2887 Junii

207 2911 258 2934 ex
286 2899 479 2935 Valachia
507 2900 759 2946 expulerunt.
794 2898 1050 2944 (Tortenelmi
1079 2897 1167 2936 Tar,
1203 2897 1311 2930 1880.
1342 2906 1431 2941 pag.
1462 2896 1564 2940 635.)
