2209 3643
262 205 334 250 184
956 201 1030 234 No.
1057 210 1250 245 140—141
1618 196 1692 250 [15.
1715 202 1828 236 Febr.
1854 212 1953 247 1529

1058 363 1158 404 140.

727 472 978 521 Kolozsvar‚
1003 483 1072 525 15.
1101 472 1335 514 Februarii
1358 483 1485 527 1529.

261 565 460 605 Nicolaus
489 562 669 603 Gerendi
710 562 931 614 episcopus
972 563 1288 613 Transylvanus
1328 586 1382 591 -
1422 563 1808 603 locumtenentibus
1848 565 1954 616 regis

850 622 1107 660 Ferdinandi
1137 622 1169 661 Ι.
1202 622 1362 661 Budae.

407 722 591 763 Frustra
647 721 867 762 auxilium
924 721 1179 776 expectabat.
1244 721 1438 763 Vaivoda
1494 723 1748 764 Moldaviae
1805 724 1952 765 omnia
1989 745 2007 770 5

258 794 459 835 devastat.

408 900 506 941 Iam
533 899 727 954 amplius
751 903 949 953 quatuor
972 899 1044 940 vel
1069 899 1208 940 etiarn
1233 899 1433 954 quinque
1457 913 1632 941 menses
1656 904 1700 942 et
1726 900 1954 942 Maiestati

264 970 447 1025 Regiae,
472 974 516 1011 et
550 970 723 1011 Vestris
757 970 1156 1012 Dominationibus
1183 971 1418 1012 inclamare
1451 972 1571 1026 coepi
1603 971 1798 1026 pericula
1830 972 1954 1013 uobis

261 1046 299 1083 et
322 1055 448 1096 regno
472 1041 780 1090 incumbentia,
806 1054 897 1082 non
922 1041 994 1083 vel
1018 1041 1151 1082 unius
1176 1041 1294 1082 oboli
1319 1041 1377 1082 ad
1401 1041 1521 1083 hunc
1545 1041 1664 1083 diem
1689 1041 1874 1096 dignum
1900 1043 1955 1084 de

264 1112 334 1153 his
358 1125 623 1167 responsum
648 1125 730 1166 ego
753 1112 826 1153 vel
849 1112 937 1153 mei
962 1112 1123 1153 fratres
1147 1112 1402 1154 habuimus.
1427 1112 1591 1167 Scripsi
1615 1112 1792 1167 saepius
1817 1126 1954 1168 quarn
1971 1132 2007 1159 10

263 1183 322 1224 sit
342 1183 481 1235 infida
500 1183 697 1225 amicitia
721 1183 1020 1225 Volachorum.
1041 1183 1144 1224 Non
1163 1187 1230 1224 est
1250 1183 1366 1225 forte
1384 1183 1494 1224 mihi
1513 1183 1748 1233 creditum,
1769 1184 1955 1225 declara-

261 1254 323 1295 vit
346 1254 403 1295 M
407 1254 584 1296 oldavus
610 1267 682 1295 me
708 1267 816 1295 vero
841 1254 1052 1296 timuisse.
1079 1254 1249 1296 Causas
1273 1254 1379 1306 jacti
1404 1255 1476 1296 sui
1502 1259 1673 1296 excusat
1697 1269 1785 1296 uon
1811 1259 1955 1296 contra

261 1337 357 1374 nos
376 1338 465 1366 non
484 1329 630 1367 contra
648 1339 784 1380 regem
802 1325 957 1366 fecisse
975 1324 1117 1367 videri
1136 1325 1249 1367 vult.
1270 1325 1528 1380 Utrumque
1545 1325 1672 1381 peius
1690 1330 1734 1367 et
1754 1330 1956 1381 ternpore

263 1395 414 1451 peiore
436 1395 531 1437 fieri
554 1409 644 1437 non
667 1396 820 1451 potuit
838 1410 846 1446 ;
872 1400 957 1438 etc.

409 1467 480 1508 Ex
505 1467 741 1516 Coloswar‚
769 1478 834 1520 15.
861 1467 1105 1508 Februarii.
1130 1467 1264 1508 Anno
1289 1477 1412 1522 1529.
1969 1487 2007 1513 ιε,

402 1560 629 1605 (Originale.
670 1561 958 1601 Staatsarchiv,
1009 1562 1134 1595 Wien.
1178 1562 1419 1606 Hungarica.
1464 1561 1625 1596 Edidit:
1685 1562 1833 1596 Archiv
1887 1563 1955 1597 des

264 1621 452 1655 Vereines
483 1621 546 1655 fiir
574 1621 919 1666 siebenbiirgische
947 1622 1240 1656 Landeskunde
1264 1621 1342 1655 vol.
1372 1624 1430 1655 26.
1458 1632 1548 1667 pag.
1576 1622 1680 1667 639.)

1058 1785 1157 1827 141.

727 1894 987 1944 lumbrach,
1011 1906 1079 1948 15.
1108 1894 1341 1936 Februarii
1364 1906 1490 1949 1529.

261 1985 556 2024 Ferdinandus
605 1985 637 2024 Ι.
675 1998 747 2024 rex
796 1985 1040 2036 Hungariae
1089 1985 1266 2036 Georgio
1316 1985 1671 2024 Reichersdorffer
1719 1986 1953 2024 secretario.
1972 1995 2010 2022 20

402 2084 675 2140 Priusquam
713 2086 753 2127 ei
804 2085 913 2127 bona
955 2085 1166 2127 Borberek
1204 2099 1231 2125 a
1269 2089 1434 2126 mortuo
1486 2085 1667 2126 vaivoda
1724 2084 1958 2127 Valachiae

260 2159 459 2211 possessa
487 2156 680 2205 traderet,
710 2157 921 2212 quaedam
948 2157 998 2197 de
1025 2156 1165 2198 valore
1192 2155 1277 2197 sibi
1304 2156 1454 2208 referri
1482 2156 1616 2211 cupit.

406 2250 594 2305 Egregie
624 2250 768 2292 fidelis
798 2250 974 2292 dilecte.

407 2321 477 2362 Ex
509 2321 671 2362 litteris
703 2322 794 2363 tuis
824 2321 1028 2376 proxime
1060 2321 1118 2362 ad
1148 2334 1230 2362 nos
1262 2321 1381 2363 datis
1411 2320 1606 2376 gratiose
1637 2320 1954 2370 intelleximus,

261 2404 378 2445 quae
409 2392 464 2433 de
493 2392 772 2447 possessione
814 2392 1016 2442 Alvincz,
1061 2391 1184 2446 quod
1214 2405 1241 2432 a
1270 2391 1400 2433 nobis
1431 2392 1557 2446 cupis
1587 2392 1791 2433 obtinere
1820 2391 1956 2446 scrip·
1971 2408 2010 2434 25

262 2462 373 2504 sisti.
407 2462 549 2517 Super
570 2476 662 2517 qua
682 2463 767 2504 tibi
793 2463 1057 2516 (dummodo
1080 2467 1228 2504 certus
1261 2463 1319 2504 sit
1352 2462 1586 2504 waivodae
1618 2462 1761 2504 nostri
1794 2462 1956 2503 Trans-

263 2533 506 2587 alpinensis
538 2533 765 2589 interitus)
803 2535 1047 2575 clementer
1078 2533 1463 2589 respondebimus.
1496 2533 1643 2575 Tuum
1689 2538 1756 2574 est
1803 2533 1954 2587 igitur,

261 2607 313 2644 ut
355 2617 437 2645 nos
479 2604 651 2645 interea
692 2605 748 2646 de
790 2605 943 2646 valore
984 2604 1277 2659 possessionis
1319 2604 1576 2646 antedictae
1618 2603 1955 2658 quamprimum

263 2673 545 2716 admoneas.1
570 2676 787 2717 Nostram
812 2675 857 2716 in
882 2689 935 2717 eo
959 2688 1217 2730 expressam
1242 2679 1513 2716 executurus
1537 2675 1836 2716 voluntatem.

408 2745 583 2786 Datum
612 2746 849 2801 Inspmck,
879 2756 945 2799 15.
974 2746 1207 2787 Februarii
1234 2756 1357 2800 1529.
1967 2761 2007 2786 30

585 2840 838 2885 (Conceptus.
872 2839 1162 2879 StaatsarchiV‚
1197 2839 1324 2872 VVien.
1360 2838 1619 2882 Hungarica.)

403 2945 413 2965 ¹
445 2945 506 2978 De
533 2945 593 2978 his
621 2956 690 2979 rex
718 2946 790 2979 tali
818 2947 938 2980 modo
966 2945 1228 2980 demandavit
1255 2944 1447 2978 relatione
1478 2943 1666 2978 Camerae
1694 2944 1950 2987 Hungariae:

262 3001 472 3046 Magnifice
506 3006 547 3037 et
580 3004 736 3048 Egregii
768 3005 902 3038 fideles
935 3005 1080 3038 dilecti.
1113 3003 1363 3049 Supplicavit
1395 3002 1509 3036 nobis
1541 3001 1731 3046 Egregius
1763 3002 1954 3047 Georgius

265 3060 604 3101 Reicherstorfi'er,
649 3063 894 3097 consiliarius
935 3066 1080 3103 noster,
1123 3065 1322 3108 quatenus
1363 3061 1398 3094 ei
1437 3061 1725 3106 possessionem
1766 3061 1950 3101 Alwinez,

264 3121 428 3164 propter
461 3119 595 3154 fidelia
629 3121 792 3155 servitia
825 3132 907 3160 sua,
944 3132 1048 3166 quae
1082 3121 1196 3155 nobis
1230 3121 1423 3154 hactenus
1457 3119 1651 3159 exhibuit,
1688 3120 1953 3155 haereditario
1972 3127 2007 3152 35

265 3176 437 3216 nomine,
466 3178 643 3212 conferre
663 3179 928 3223 dignaremur.
950 3179 1180 3213 Nescientes
1205 3182 1342 3213 autem
1367 3178 1623 3223 possessionis
1649 3178 1751 3212 illius
1777 3179 1953 3213 valorem
