2209 3643
198 199 245 234 27
268 189 359 234 Jan.
384 183 494 238 1519]
971 190 1046 224 No.
1069 189 1117 235 87
1824 199 1892 234 113

196 319 369 362 scilicet
405 333 485 361 suo
518 333 573 361 ex
608 324 731 361 certa
766 324 923 361 nostra
957 319 1145 362 scientia
1179 324 1224 361 et
1260 319 1411 361 animo
1447 319 1709 368 deliberato,
1747 319 1892 374 deque

197 390 382 433 consilio
418 390 706 432 dominorum
743 391 1049 445 praelatorum
1086 395 1130 432 et
1166 391 1389 432 baronum
1426 391 1558 432 huius
1584 390 1707 445 regni
1733 391 1890 440 nostri,

197 462 349 516 vigore
398 462 587 503 aliarum
636 461 890 503 litterarum
939 467 1195 503 nostrarum
1244 462 1604 503 donationalium
1653 461 1892 517 superinde

198 533 523 581 confectarum,
583 532 916 587 imperpetuum
966 533 1288 575 contulerimus
1348 533 1632 587 velimusque
1696 533 1892 575 eundem

159 603 403 650 5Bozorab
433 603 713 658 waywodam
755 609 961 645 nostrum
1002 604 1437 659 Transalpinensem,
1475 617 1648 646 necnon
1688 604 1891 646 Theodo-

196 675 312 716 sium
363 675 507 716 filium
557 674 756 716 eiusdem
808 675 852 715 in
902 674 1152 716 dominium
1191 675 1387 716 eiusdem
1436 675 1590 730 oppidi
1628 674 1810 730 Aldyod
1846 680 1891 717 et

195 759 380 787 suarum
408 745 785 800 pertinentiarum
816 760 893 800 per
921 751 1127 787 nostrum
1157 751 1201 787 et
1230 751 1433 787 vestrum
1462 746 1666 787 homines
1694 745 1892 801 legitime

195 817 341 858 facere
365 816 604 858 introduci.
629 816 771 871 Super
796 831 885 871 quo
912 817 1143 858 Fidelitati
1168 817 1355 858 Vestrae
1380 817 1541 858 harum
1566 817 1676 858 serie
1701 817 1893 858 firmiter

195 887 512 943 praecipiendo
548 887 832 936 mandamus,
882 893 1106 943 quatenus
1153 892 1355 929 vestrum
1403 887 1599 929 mittatis
1646 888 1889 937 hominem,

133 978 178 1006 ⁷10
195 972 275 1014 pro
297 958 560 1000 testimonio
582 958 671 1000 fide
694 959 895 1013 dignum,
919 973 1009 1013 quo
1024 963 1258 1013 praesente
1282 958 1541 1000 Leonardus
1563 959 1656 1000 sive
1671 959 1889 1008 Andreas,

194 1043 273 1071 seu
297 1029 530 1083 Johannes
565 1030 620 1070 de
642 1029 831 1078 Barcha,
883 1030 1057 1071 sive...
1096 1029 1193 1071 aliis
1237 1029 1514 1077 absentibus,
1560 1030 1695 1071 homo
1739 1034 1892 1071 noster

195 1101 254 1142 ad
286 1100 422 1142 facies
454 1101 673 1155 praedicti
706 1101 861 1156 oppidi
894 1099 1076 1156 Aldyod
1100 1100 1337 1142 vocati...
1373 1100 1633 1142 introducat
1661 1101 1891 1155 praefatos

196 1171 402 1213 Bozorab
422 1171 703 1226 Waywodam
740 1176 784 1213 et
817 1172 1134 1220 Theodosium,
1160 1171 1305 1213 filium
1327 1171 1528 1213 eiusdem
1558 1171 1602 1212 in
1638 1171 1890 1213 dominium

196 1242 396 1284 eiusdem
442 1247 485 1283 et
526 1243 786 1291 earundem,
829 1247 1099 1297 statuatque
1138 1242 1256 1284 idem
1305 1246 1350 1284 et
1388 1242 1569 1284 easdem
1607 1242 1857 1284 eisdem...
1878 1256 1887 1292 ;

141 1334 180 1360 15
195 1313 550 1355 contradictores
592 1327 712 1362 vero,
756 1313 792 1354 si
823 1313 900 1368 qui
943 1313 1123 1362 fuerint,
1157 1318 1313 1355 evocet
1347 1313 1528 1355 eosdem
1561 1318 1719 1355 contra
1752 1327 1891 1355 anno-

194 1389 317 1426 tatos
339 1384 544 1426 Bozorab
576 1384 857 1439 waywodam
892 1384 1314 1439 Transalpinensem
1344 1389 1388 1426 et
1419 1384 1721 1426 Theodosium
1744 1384 1890 1426 filium

194 1454 395 1497 eiusdem
439 1455 498 1496 ad
548 1455 793 1496 terminum
841 1460 1204 1510 competentem;
1236 1458 1320 1496 etc.

336 1526 509 1567 Datum
526 1526 697 1574 Eudae,
715 1526 824 1567 feria
839 1526 975 1568 tertia
990 1526 1196 1580 proxima
1211 1531 1312 1581 post
1329 1526 1495 1567 festum
1508 1526 1701 1568 Sanctae
1716 1530 1760 1567 et
1776 1526 1891 1568 indi-

196 1597 361 1639 viduae
370 1597 619 1638 Trinitatis.
632 1597 763 1638 Anno
780 1597 962 1638 Domini
979 1597 1213 1638 Millesimo
1228 1596 1588 1652 quingentesimo
1603 1596 1776 1639 decimo
1791 1611 1889 1653 sep-

143 1689 179 1716 20
195 1668 322 1710 timo.
335 1668 594 1723 Regnorum
604 1672 860 1709 nostrorum
871 1667 1130 1723 Hungariae
1139 1672 1183 1709 et
1195 1668 1438 1709 Bohemiae
1453 1672 1536 1710 etc.
1549 1681 1667 1710 anno
1676 1668 1886 1711 secundo.

339 1759 502 1798 Titulus
522 1773 535 1798 .·
555 1759 768 1797 Fidelibus
786 1759 939 1797 nostris
956 1758 1143 1810 capitulo
1160 1758 1354 1797 ecclesiae
1375 1758 1546 1798 Albensi
1566 1758 1889 1798 Transsilvanae

195 1831 271 1870 pro
301 1818 530 1870 Spectabili
563 1823 604 1857 et
632 1818 857 1868 Magnifico
878 1818 1069 1856 Bozorab
1097 1818 1337 1869 waywodae
1364 1822 1508 1857 nostro
1533 1818 1886 1869 Transalpinensi,

195 1890 358 1916 necnon
386 1878 621 1916 Theodosio
650 1877 739 1916 filio
767 1877 952 1915 eiusdem
981 1877 1288 1916 introductoria
1316 1881 1357 1916 et
1386 1877 1626 1916 statutoria.

443 1964 668 2008 (Originale.
693 1963 888 2007 Orszagos
914 1963 1108 2002 Leve'ltar,
1139 1963 1356 2008 Budapest.
1385 1963 1447 1996 Dl.
1475 1963 1626 2008 30545.)

342 2048 602 2102 Exequutio
624 2048 747 2089 facta
768 2052 834 2088 est
856 2047 964 2088 feria
983 2047 1179 2088 secunda
1205 2047 1412 2101 proxima
1439 2051 1544 2088 ante
1565 2047 1731 2088 festum
1752 2046 1888 2102 Apol·
1911 2061 1940 2091 8.
1965 2062 2043 2091 Febr

196 2118 342 2160 loniae
362 2119 548 2173 virginis
570 2118 708 2173 {1518}
734 2119 869 2159 homo
896 2118 1041 2172 regius
1056 2118 1315 2159 Leonardus
1336 2118 1390 2159 de
1412 2118 1602 2166 Barcha,
1627 2118 1888 2173 capitularis

196 2189 412 2244 magister
436 2190 708 2245 Stephanus,
740 2189 862 2230 nullo
892 2189 1222 2230 contradictore
1251 2193 1510 2243 apparente.

139 2079 178 2106 25

1009 2345 1077 2386 87.

668 2449 919 2498 Kolozsvar,
947 2461 1014 2503 27.
1042 2448 1259 2502 Ianuarii
1283 2459 1409 2502 1519.

138 2564 175 2590 30
260 2540 408 2579 Comes
428 2541 616 2591 Joannes
640 2539 864 2592 Szapolyai
890 2539 1074 2578 vaivoda
1099 2538 1327 2577 conventui
1353 2539 1404 2577 de
1433 2538 1818 2579 Kolozsmonostor.

340 2639 611 2681 Mandatum
667 2643 798 2694 super
840 2637 1118 2685 restitutione,
1164 2637 1515 2687 reambulatione,
1573 2638 1885 2687 aestimatione,

195 2710 488 2765 occupatione,
527 2724 752 2766 rerumque
779 2714 815 2751 et
841 2710 1046 2751 bonorum
1072 2708 1286 2749 ablatione
1312 2722 1360 2749 ac
1386 2709 1508 2750 titulo
1534 2708 1729 2764 pignoris
1755 2713 1888 2750 statu-

195 2780 310 2822 tione
334 2785 412 2836 pro
438 2785 560 2836 parte
588 2781 622 2834 J
624 2781 783 2823 oannis
813 2780 980 2830 Dezso‘fi
1011 2779 1060 2821 in
1089 2778 1358 2833 possessione
1387 2779 1700 2834 Szentmargita
1741 2783 1887 2820 contra

196 2850 467 2906 Stephanum
505 2852 732 2894 vaivodam
765 2851 821 2893 M
824 2851 1030 2898 oldaviae,
1071 2849 1146 2904 qui
1179 2849 1236 2890 ad
1268 2850 1416 2891 onmia
1451 2850 1559 2891 bona
1592 2850 1828 2892 amittenda
1860 2864 1887 2891 a

137 2940 180 2966 35
195 2922 375 2963 vaivoda
407 2923 640 2964 damnatus
673 2927 746 2971 est,
780 2922 882 2977 quia
915 2921 966 2962 ab
998 2934 1115 2962 anno
1156 2920 1269 2973 1508
1294 2924 1330 2961 et
1359 2921 1678 2976 impositionem
1720 2921 1886 2962 iteratis

195 2992 361 3034 vicibus
375 2993 601 3048 impedivit
616 2997 652 3034 et
668 2994 717 3035 in
733 2992 998 3034 sessionibus
1013 2991 1060 3033 ob
1075 2990 1175 3032 liaeo
1197 2991 1438 3032 convocatis
1460 2995 1665 3046 praesens
1684 2991 1883 3043 nonfuit.

340 3088 508 3130 Amicis
526 3088 618 3130 suis
641 3086 930 3136 Reverendis,
952 3085 1198 3128 conventui
1217 3085 1427 3127 ecclesiae
1448 3085 1502 3128 de
1523 3085 1887 3128 Colosmonostra

187 3158 395 3212 Joannes
420 3158 476 3200 de
502 3158 703 3214 Zapolya
729 3171 877 3201 comes
904 3161 1148 3213 perpetuus
1175 3160 1320 3198 terrae
1344 3156 1660 3211 Scepusiensis‚
1688 3156 1887 3199 vaivoda

264 3257 369 3283 Fontes
389 3258 496 3284 Rerum
515 3257 793 3292 Tiansylvanicarum
814 3256 868 3283 IV.
1725 3245 1744 3279 8
