2209 3643
321 214 341 238 2
1099 199 1173 232 No.
1210 208 1230 231 2
1585 193 1632 247 [4.
1667 198 1872 232 Februarii
1907 199 2003 242 1468

322 333 454 388 pasti,
480 332 602 373 dicto
626 328 869 384 exponenti
894 327 1023 368 fratri
1047 327 1246 381 ipsorum
1270 326 1499 367 remittere
1522 339 1590 367 res
1614 325 1752 367 etiam
1776 326 2008 367 universas

321 408 366 444 et
399 403 519 444 bona
551 415 602 442 ac
634 399 827 455 pecudes
860 403 905 439 et
938 411 1113 452 pecora,
1147 410 1323 438 necnon
1355 410 1494 451 equos
1526 395 1789 450 equatiales‚
1824 396 1861 436 si
1892 410 2008 450 quae

321 473 456 514 modo
480 470 725 526 praemisso
750 473 879 524 parte
904 482 984 523 pro
1010 467 1257 522 praemissa
1280 471 1392 508 nota
1416 467 1596 508 ablatae
1620 470 1741 515 sunt,
1768 466 1862 507 sine
1887 466 2010 508 omni

322 544 502 585 defectu
532 540 716 582 reddere
748 544 792 580 et
825 539 1061 580 restituere
1094 537 1272 586 debeas,
1307 543 1352 579 et
1384 551 1510 579 secus
1542 537 1687 578 faeere
1718 536 1842 578 nullo
1873 537 2009 578 modo

322 625 594 669 praesumas
632 609 950 652 Praesentibus
985 608 1205 664 perlectis,
1242 608 1474 649 exhibenti
1508 606 1744 649 restitutis.

466 683 638 724 Datum
691 680 972 729 Brassoviae,
1028 679 1099 721 die
1152 679 1376 720 dominico
1428 678 1635 734 proximo
1687 682 1790 732 post
1842 677 2010 719 festum

323 752 678 796 Circumcisionis
725 751 920 793 Domini.
968 751 1101 792 Anno
1147 750 1346 791 eiusdem
1392 749 1628 790 Millesimo
1661 747 2010 803 quadringente-

320 825 432 866 simo
464 822 741 877 sexagesimo
773 828 949 863 octavo.
986 821 1130 876 Regni
1161 821 1303 862 nostri
1335 834 1454 861 anno
1486 819 1674 868 decimo,
1708 819 2010 861 coronationis

321 909 426 936 vero
456 899 631 949 quarto.

1099 963 1146 1003 L.
1186 962 1227 1004 S.
2028 988 2062 1014 ιο

407 1059 632 1104 (Originale.
660 1058 827 1103 Magyar
853 1057 902 1091 N.
932 1057 1117 1091 Muzeum
1144 1056 1355 1090 Leveltara
1381 1058 1657 1100 torzsanyaga,
1689 1055 1925 1100 Budapest.)

1149 1219 1186 1259 2.

797 1329 1047 1378 Dehreczm,
1075 1341 1114 1382 4.
1146 1327 1378 1369 Februarii
1404 1327 1530 1381 1468.

441 1421 623 1459 Mathias
659 1433 731 1459 rex
768 1419 1009 1470 Hungariae
1045 1418 1219 1456 Nicolao
1254 1417 1415 1468 Banffy
1451 1417 1595 1456 comiti
1631 1417 1889 1457 Posoniensi,

469 1531 530 1574 Ob
553 1530 807 1586 praestitam
826 1529 1073 1579 fidelitatem
1094 1533 1131 1569 et
1151 1529 1350 1570 virtutem
1372 1528 1421 1569 in
1445 1528 1547 1569 bello
1571 1541 1669 1568 cum
1691 1528 1874 1569 vaivoda
1897 1528 1953 1569 M
1955 1528 2013 1569 ol·
2028 1554 2063 1579 15

326 1603 478 1644 slaviae
512 1601 730 1656 Stephano
761 1605 887 1655 gesto,
926 1600 973 1641 in
1007 1596 1103 1654 quo'
1125 1599 1254 1640 etiam
1277 1599 1526 1640 vulneratus
1562 1602 1634 1648 est,
1671 1603 1807 1640 castro
1838 1598 2014 1640 Peleske

324 1675 520 1716 donatur.

471 1778 669 1820 Donatio
695 1777 830 1819 castri
857 1778 1040 1819 Peleske
1066 1777 1111 1819 in
1138 1777 1361 1819 comitatu
1386 1777 1638 1819 Zaladiensi
1663 1777 1810 1819 habiti
1832 1812 1839 1820 .
1865 1813 1871 1819 .
1897 1812 1904 1819 .
1934 1792 2015 1833 pro

326 1864 391 1899 eo,
417 1849 539 1903 quod
562 1848 826 1903 Magnificus
841 1848 1053 1890 Nicolaus
1068 1848 1185 1889 filius
1199 1848 1306 1890 bani
1331 1848 1386 1890 de
1400 1848 1680 1897 Alsolindva,
1707 1861 1854 1890 comes
1879 1849 2014 1890 Poso-

326 1920 489 1962 niensis
520 1934 546 1961 a
575 1919 770 1975 pueritia
800 1933 882 1960 sua
912 1933 992 1961 nos
1012 1944 1070 1949 —
1099 1919 1167 1960 uti
1198 1933 1275 1960 rex
1306 1918 1416 1960 dicit
1444 1944 1503 1948 ——
1532 1923 1577 1960 et
1609 1918 1779 1960 curiam
1810 1923 2013 1960 nostram
2029 1943 2065 1968 20

326 1995 520 2039 secutus,
545 1995 591 2032 et
614 1990 766 2045 quoad
789 1990 940 2045 potuit
965 1994 1009 2032 et
1034 1990 1175 2039 licuit,
1202 2003 1228 2031 a
1251 1989 1390 2031 latere
1414 1994 1568 2030 nostro
1592 2003 1827 2044 nunquam
1851 1989 2014 2031 disces-

326 2062 433 2103 sisse
460 2061 582 2103 visus
609 2066 692 2110 est,
722 2061 767 2102 in
794 2061 968 2103 cunctis
995 2061 1128 2102 rebus
1154 2060 1319 2102 nostris
1345 2060 1449 2101 fidei
1475 2073 1582 2101 suae
1610 2060 1858 2101 commissis
1884 2060 2015 2102 iuxta

326 2132 559 2173 modulum
584 2132 748 2173 aetatis
770 2145 877 2173 suae
900 2131 1168 2173 fidelitatem
1191 2144 1334 2179 suam,
1359 2130 1492 2172 simul
1514 2134 1559 2172 et
1582 2130 1862 2185 diligentiam
1885 2131 2015 2172 nobis

328 2203 621 2252 ostendendo,
644 2204 760 2244 hanc
781 2203 920 2244 etiam
941 2216 1070 2244 suam
1092 2206 1305 2251 aetatem,
1329 2201 1388 2242 ad
1409 2214 1547 2256 quam
1569 2201 1614 2242 in
1635 2201 1830 2243 servitiis
1850 2201 2016 2243 nostris

329 2273 547 2328 pervenit,
581 2273 713 2315 rebus
745 2273 1017 2315 militaribus
1049 2272 1220 2314 dicavit
1252 2276 1297 2314 et
1329 2276 1511 2313 strenue
1543 2276 1714 2313 certare
1746 2276 1904 2314 contra
1934 2272 2016 2313 ini·
2031 2296 2067 2322 25

329 2343 468 2385 micos
490 2348 682 2393 nostros,
708 2348 846 2398 atque
869 2344 1008 2385 etiam
1031 2343 1242 2399 periculo,
1268 2342 1345 2384 ubi
1369 2355 1480 2397 opus
1503 2346 1584 2391 est,
1610 2355 1655 2383 se
1679 2356 1904 2397 opponere
1926 2356 2017 2384 non

331 2414 558 2463 formidat,
578 2419 712 2469 prout
730 2415 798 2456 his
815 2414 974 2456 diebus
992 2418 1150 2456 contra
1163 2413 1445 2468 Stephanum
1463 2412 1707 2454 vaivodam
1726 2413 1771 2454 in
1788 2413 2018 2455 Moldavia

331 2485 635 2526 constantiam
665 2498 795 2526 suam
826 2490 871 2527 et
902 2485 1168 2526 virilitatem
1198 2484 1244 2525 in
1274 2483 1439 2525 effectu
1469 2483 1777 2525 demonstrare
1807 2484 2015 2533 certavit,

331 2555 551 2609 pugnavit
578 2555 711 2605 enim,
739 2561 790 2598 ut
816 2556 944 2597 miles
970 2561 1180 2598 strenuus
1205 2568 1286 2610 pro
1311 2554 1456 2595 salute
1482 2567 1698 2608 personae
1723 2559 1767 2595 et
1794 2554 2017 2596 exercitus

331 2625 487 2674 nostri,
521 2626 599 2667 ubi
631 2626 769 2668 etiam
802 2627 990 2668 vulnera
1021 2639 1102 2681 pro
1134 2624 1264 2667 nobis
1296 2624 1491 2679 suscepit
1525 2628 1570 2666 et
1602 2624 1729 2674 mori,
1763 2625 1800 2666 si
1833 2625 2018 2667 fortuna
2031 2648 2067 2674 3)

332 2696 562 2745 voluisset,
586 2710 675 2738 non
698 2697 954 2738 dubitabat.

477 2767 648 2808 Datum
692 2767 737 2808 in
780 2768 1051 2816 Debreczen‚
1098 2766 1208 2807 feria
1251 2765 1411 2820 quinta
1454 2764 1661 2819 proxima
1704 2770 1806 2820 post
1850 2766 2017 2807 festum

333 2836 663 2878 Purificationis
687 2838 857 2879 Beatae
880 2837 1048 2879 Mariae
1070 2835 1277 2891 Virginis.
1302 2836 1434 2876 Anno
1458 2835 1642 2876 Domini
1667 2836 1791 2889 1468.

462 2952 685 2997 (Originale.
715 2952 933 2988 Archivum
965 2953 1108 2987 domus
1133 2952 1296 2987 senioris
1324 2951 1502 2984 conitum
1536 2951 1669 2996 Zichy,
1698 2951 1823 2996 Zsely.
1853 2952 2015 2986 Edidit:

330 3009 466 3044 Codex
510 3011 604 3056 dipl.
658 3012 800 3045 domus
845 3012 1007 3046 senioris
1052 3011 1245 3046 comitum
1278 3010 1400 3054 Zichy
1432 3009 1510 3043 vol.
1559 3010 1609 3043 X.
1656 3020 1745 3055 pag.
1785 3011 2014 3055 442—443.)
