2209 3643
84 670 134 700 23.
158 661 230 690 Maii

284 210 354 246 140
1039 198 1114 232 No.
1139 206 1209 230 102
1685 190 1734 245 [6.
1756 194 1850 240 Apr.
1875 197 1971 241 1526

421 325 584 364 Titulus
601 337 613 363 .·
662 322 877 361 Fidelibus
909 321 1065 359 nostris
1110 320 1298 372 capitulo
1343 320 1540 359 ecclesiae
1585 320 1778 359 Albensis
1822 321 1972 359 Trans-

276 384 463 422 silvanae
505 395 580 434 pro
628 381 822 420 fidelibus
857 381 1012 419 nostris
1048 379 1332 425 boiaronibuS,
1371 379 1558 431 Egregiis
1595 379 1755 418 Perwol
1783 379 1894 418 bano
1930 383 1972 418 et

277 443 421 493 Nagoe
445 441 659 492 Wyzther.
688 438 1017 484 Introductoria,
1045 438 1287 477 statutoria.

516 537 741 582 (Originale.
771 536 967 581 Orszagos
993 536 1191 576 Leveltar‚
1222 536 1442 581 Budapest.
1471 535 1535 569 Dl.
1564 535 1718 580 30569.)

420 643 681 699 Exequutio
703 644 827 686 faeta
848 648 916 685 est
940 643 1051 685 feria
1074 648 1240 698 quarta
1262 643 1470 698 proxima
1491 647 1595 697 post
1618 642 1786 684 festum
1810 643 1972 684 Pente—

275 721 434 765 costes,
465 716 591 757 nullo
621 714 955 757 contradictore
985 719 1250 770 apparente.
2010 724 2027 750 5

1077 901 1176 942 102.

811 1011 1000 1060 Hcirlau,
1031 1012 1070 1053 6.
1103 1010 1279 1065 Aprilis
1306 1011 1433 1063 1526.

359 1104 600 1155 Stephanus
628 1102 698 1142 IV.
727 1102 914 1141 vaivoda
942 1101 1182 1140 Moldaviae
1208 1101 1374 1140 senatui
1401 1100 1588 1140 civitatis
1614 1100 1870 1139 Besztercze.

415 1215 522 1256 Rem
551 1213 779 1255 cuiusdam
810 1212 972 1253 subditi
1001 1211 1073 1253 sm·
1102 1225 1248 1253 eorum
1277 1211 1472 1252 iustitiae
1501 1210 1779 1252 commendat.

415 1333 674 1388 Stephanus
713 1331 935 1379 Vaivoda,
978 1331 1062 1372 Dei
1101 1330 1250 1386 gratia
1290 1330 1500 1371 dominus
1539 1329 1664 1385 regni
1703 1329 1971 1371 Moldaviae.
1989 1349 2025 1375 10

275 1405 527 1447 Prudentes
559 1409 602 1445 et
637 1402 951 1457 circumspecti
984 1402 1169 1450 domini,
1204 1401 1341 1443 vicini
1373 1406 1418 1442 et
1451 1401 1584 1442 amici
1615 1401 1781 1442 dilecti.
1817 1401 1973 1442 Refert

275 1482 319 1518 et
355 1475 540 1530 exponit
576 1474 705 1516 nobis
740 1474 967 1515 Adrianus
1002 1473 1057 1514 de
1090 1472 1494 1527 Moldovabanya}
1515 1472 1650 1513 homo
1685 1476 1729 1513 et
1764 1471 1974 1513 subditus

275 1552 440 1595 noster,
478 1545 708 1600 quomodo
744 1545 920 1599 pridem
957 1558 1102 1586 causav
1128 1543 1395 1598 negociandi
1430 1543 1584 1584 ivisset
1620 1556 1776 1584 versus
1811 1556 1893 1584 vos
1928 1547 1973 1584 et

275 1617 385 1659 inibi
406 1631 487 1672 pro
509 1631 600 1658 uno
622 1616 803 1657 homine
825 1620 870 1657 et
893 1615 1071 1657 colono2
1096 1614 1229 1656 huius
1251 1614 1374 1669 regni
1395 1613 1539 1655 nostri
1557 1613 1788 1668 Johanne3
1808 1618 1974 1655 vocato

276 1689 408 1730 unius
440 1688 544 1742 equi
577 1687 729 1729 furato
764 1687 1001 1728 fideiussor
1033 1685 1260 1727 extitisset
1293 1690 1338 1727 et
1372 1685 1491 1726 diem
1524 1685 1860 1738 terminumque
1892 1698 1973 1739 pro
1989 1702 2025 1728 15

275 1759 507 1814 aequitate
522 1759 639 1800 illius
654 1759 757 1813 equi
773 1758 857 1799 sibi
873 1757 1087 1798 infixisse.
1106 1757 1212 1798 Dies
1228 1760 1396 1804 autem,
1415 1760 1466 1797 ut
1483 1755 1576 1810 ipse
1596 1755 1704 1797 dicit
1724 1755 1971 1810 praeteriit,

277 1831 383 1885 quia
405 1830 467 1871 ibi
490 1829 758 1885 applicuisse
773 1843 863 1870 non
879 1828 1044 1883 potuit,
1063 1828 1117 1869 de
1132 1841 1222 1882 quo
1237 1832 1391 1868 autem
1403 1826 1635 1880 Johannes
1657 1840 1825 1880 equum
1846 1826 1970 1874 emit,

277 1907 343 1943 est
375 1906 419 1943 et
450 1915 570 1942 nunc
601 1914 740 1955 prope
771 1900 964 1941 servitor
993 1904 1147 1940 noster
1176 1903 1221 1940 et
1253 1912 1327 1939 ore
1359 1898 1543 1946 fatetur,
1576 1911 1744 1951 equum
1771 1897 1972 1951 Johanni

275 1972 530 2014 vendidisse
565 1977 609 2013 et
645 1971 759 2019 ideo,
796 1971 832 2012 si
867 1970 967 2025 quis
1000 1970 1139 2011 habet
1175 1983 1278 2010 cum
1313 1969 1387 2010 illo
1423 1967 1639 2009 servitore
1673 1972 1828 2009 nostro
1862 1967 1973 2022 quid

276 2057 419 2098 agere,
465 2043 620 2084 veniat
665 2042 781 2084 istuc
825 2046 870 2083 et
915 2055 1096 2083 omnem
1140 2040 1226 2081 sibi
1270 2039 1491 2081 iustitiam
1537 2038 2024 2082 administrabimuszo

276 2115 522 2168 Propterea
545 2127 756 2168 rogamus
781 2112 1127 2154 Dominationes
1150 2111 1191 2152 V
1193 2115 1349 2159 estraS,
1376 2114 1602 2164 quatenus
1628 2109 1972 2151 Dominationes

276 2185 462 2226 Vestrae
498 2185 602 2226 huic
639 2184 840 2226 Adriano
878 2197 1036 2238 pacem
1073 2186 1118 2224 et
1156 2181 1551 2236 tranquillitatem,
1589 2180 1736 2235 gratia
1773 2184 1972 2221 contem-

276 2256 488 2310 plationis
517 2260 698 2297 nostrae
729 2254 967 2296 dimittant
997 2258 1042 2295 et
1072 2252 1214 2294 velint
1244 2252 1392 2307 ipsum
1422 2252 1613 2293 liberum
1641 2251 1820 2293 habere.
1853 2251 1972 2306 Quin

277 2331 430 2367 autem
459 2326 644 2368 fecerint
674 2340 700 2368 a
728 2325 924 2367 subditis
952 2324 1127 2373 vestris
1157 2324 1203 2365 in
1232 2323 1422 2378 decuplo
1450 2335 1711 2377 recuperare
1740 2321 1968 2363 faciemus.

422 2398 596 2438 Datum
638 2397 854 2438 Baloviae
885 2396 996 2437 feria
1037 2400 1167 2436 sexta
1208 2394 1254 2435 in
1284 2399 1448 2436 octava
1478 2395 1658 2435 Pascae.
1703 2393 1835 2434 Anno
1861 2393 1971 2446 Jesu
1985 2410 2022 2436 25

278 2467 441 2508 Christi
470 2472 514 2509 et
550 2468 709 2509 salutis
745 2467 981 2508 Millesimo
1017 2465 1378 2521 quingentesimo
1413 2464 1628 2519 vigesimo
1664 2468 1807 2505 sexto.

415 2582 441 2620 I
442 2582 645 2620 ntitulatz'o
665 2595 678 2620 .·
724 2581 1009 2620 Prudentibus
1057 2584 1099 2619 et
1149 2579 1460 2630 circumspectis
1509 2578 1701 2624 dominis,
1752 2577 1879 2616 iudici
1928 2582 1969 2616 et

275 2641 422 2679 iuratis
443 2641 794 2687 Bistriciensibus,
818 2640 966 2679 vicinis
987 2644 1029 2678 et
1052 2639 1196 2678 amicis
1217 2638 1338 2677 nobis
1359 2637 1533 2676 dilectis.

344 2748 565 2793 (Originale.
583 2749 801 2783 Archivum
815 2749 1031 2783 comitatus
1046 2747 1434 2787 Beszterczenaszod‚
1448 2747 1687 2781 Besztercze.
1698 2745 1771 2779 No.
1790 2745 1890 2789 874.)

422 2908 435 2927 1
463 2908 574 2943 Baia.
682 2905 697 2928 ²
725 2907 773 2941 In
799 2907 1003 2952 originali:
1032 2907 1182 2941 homini
1209 2909 1250 2940 et
1276 2905 1415 2940 coloni.
1528 2905 1542 2926 ³
1566 2903 1751 2949 Johanni.
1981 2927 2018 2954 30
