2209 3643
276 187 348 232 178
1032 183 1107 218 No.
1132 194 1203 229 137
1739 180 1842 235 [Jan.
1868 195 1966 232 1529

276 314 393 357 effici
413 314 568 371 possit,
597 313 780 355 seorsim
801 311 1008 367 proloqui
1039 315 1084 353 et
1116 325 1196 366 per
1226 311 1349 353 viam
1381 312 1606 354 discursus
1638 326 1767 368 agere
1798 315 1968 369 poterit

276 390 415 441 atque
448 384 630 427 debebit
664 383 839 424 ratione
872 381 1155 424 induciarum
1189 396 1293 424 cum
1325 382 1472 425 Turco
1504 383 1817 434 ineundarum‚
1852 399 1968 440 quas

275 456 463 498 nuntius
483 455 553 496 ille
572 458 725 495 noster
743 453 862 495 dicet
883 453 1034 494 forsan
1053 466 1144 494 non
1163 466 1398 508 perperam
1418 457 1498 496 aut
1519 454 1754 496 infeliciter
1773 455 1966 497 obtineri

275 539 418 582 posse,
456 526 492 566 si
526 524 735 566 waivoda
769 523 1029 578 praedictus
1064 528 1302 578 tamquam
1339 524 1606 566 intermedia
1641 538 1832 580 persona
1868 526 1964 567 illas

275 596 398 652 apud
419 596 615 638 Turcum
638 598 816 636 tentare
836 594 960 636 velit.
2001 611 2023 636 5„

419 666 545 721 Quae
587 665 771 720 quidem
814 669 998 719 treugae
1040 664 1077 706 si
1119 669 1356 720 sperentur
1398 665 1547 708 medio
1588 670 1633 708 et
1677 680 1813 722 opera
1855 667 1966 709 dicti

274 737 506 780 waivodae
548 736 742 778 obtineri
783 749 927 791 posse,
970 735 1159 777 nuntius
1199 741 1353 778 noster
1394 750 1497 778 cum
1538 750 1729 792 persona
1770 737 1846 779 illa
1887 751 1966 793 per

273 808 565 863 semetipsum
603 806 732 862 quasi
769 810 966 848 tractare
990 811 1156 862 potest,
1183 811 1235 848 ut
1261 807 1545 861 quantocius,
1572 821 1625 849 ea
1650 807 1705 849 de
1729 821 1776 850 re
1800 808 1965 851 waivo-

273 879 379 921 dam
399 877 653 927 conveniat,
670 877 742 919 vel
755 878 792 918 si
806 878 964 919 melius
983 891 1077 919 esse
1095 877 1243 919 visum
1263 878 1411 927 fuerit,
1432 882 1483 920 ut
1502 878 1757 920 intermissa
1774 893 1966 934 persona

274 950 349 992 illa
373 949 540 991 directe
565 963 668 990 cum
692 948 900 990 waivoda
924 949 1018 990 solo
1042 953 1223 998 tractet,
1250 948 1449 990 eiusdem
1473 949 1623 991 nuntii
1646 950 1789 991 nostri
1813 950 1964 992 remit·
1983 963 2024 990 m

273 1021 413 1063 timus
444 1020 644 1069 arbitrio,
678 1024 730 1061 ut
763 1033 865 1061 cum
897 1019 1055 1061 eodem
1087 1019 1295 1061 waivoda
1326 1033 1419 1061 rem
1451 1024 1599 1062 totam
1630 1021 1747 1062 hanc
1782 1021 1965 1075 (secrete

272 1096 427 1134 tamen
446 1096 491 1132 et
510 1090 694 1132 remotis
713 1090 909 1145 arbitris)
945 1090 1146 1132 conferat
1166 1104 1218 1132 ac
1238 1090 1386 1145 ipsum
1406 1090 1615 1133 inducere
1633 1095 1677 1133 et
1696 1091 1965 1147 persuadere

273 1162 471 1211 studeat,
508 1166 559 1203 ut
594 1175 677 1217 pro
710 1162 831 1203 bono
864 1161 1048 1216 publico
1081 1166 1141 1211 et,
1177 1165 1229 1203 ut
1264 1161 1471 1216 sanguini
1505 1162 1706 1204 humano
1751 1166 1966 1217 parcatur

273 1233 530 1287 damnaque
552 1236 596 1274 et
620 1233 740 1274 mala
762 1232 1010 1282 innumera,
1035 1245 1151 1287 quae
1172 1232 1385 1287 utrinque
1406 1237 1451 1274 et
1473 1233 1737 1288 praesertim
1761 1233 1964 1275 christia-

271 1304 407 1346 nitati
438 1303 745 1358 exspectanda
775 1308 938 1353 essent,
969 1307 1342 1358 praecaveantur,
1375 1304 1488 1345 tales
1519 1303 1721 1346 inducias
1752 1304 1888 1346 modo
1918 1309 1962 1346 et
1981 1317 2022 1345 15

272 1375 348 1418 via
374 1388 569 1429 congrua
602 1374 776 1429 sibique
813 1374 926 1416 bene
970 1374 1068 1416 visa
1101 1374 1223 1429 apud
1249 1374 1446 1417 Turcum
1478 1379 1674 1417 tractare
1707 1380 1751 1417 et
1785 1375 1963 1430 assequi

271 1446 474 1488 laborare
501 1445 625 1487 velit.

416 1516 552 1572 Quas,
572 1516 608 1557 si
625 1516 833 1558 waivoda
851 1516 1045 1558 affirmet
1064 1520 1109 1558 et
1128 1515 1323 1558 declaret
1342 1530 1387 1558 se
1406 1530 1432 1557 a
1449 1516 1595 1558 Turco
1612 1516 1815 1558 obtinere
1832 1530 1963 1572 posse

271 1591 316 1630 et
341 1587 468 1637 velle,
494 1591 604 1629 tunc
628 1587 747 1629 idem
772 1587 960 1629 nuntius
984 1592 1137 1629 noster
1159 1587 1321 1629 referre
1344 1587 1527 1643 poterit,
1552 1601 1598 1629 se
1623 1587 1814 1637 credere,
1841 1587 1964 1642 quod

270 1658 371 1700 illae
397 1658 602 1700 induciae
628 1672 707 1713 per
732 1672 814 1700 nos
841 1672 943 1700 curn
969 1658 1114 1700 Turco
1141 1672 1168 1699 a
1193 1659 1329 1700 tertio
1355 1672 1497 1713 usque
1523 1658 1568 1699 in
1595 1672 1765 1700 nonum
1792 1672 1962 1700 annum
1979 1672 2023 1698 20x

269 1729 364 1771 fieri
387 1734 431 1771 et
455 1729 672 1771 constitui
693 1734 891 1784 possent.
914 1729 1001 1771 Sed
1024 1729 1227 1784 inprimis
1249 1729 1583 1771 advertentiam
1605 1729 1773 1771 bonam
1795 1729 1962 1771 habeat

273 1800 462 1842 nuntius
499 1800 584 1849 ille,
622 1804 673 1842 ut
712 1800 756 1842 in
794 1800 1003 1842 omnibus
1040 1800 1131 1842 suis
1167 1800 1421 1842 actionibus
1457 1813 1503 1841 se
1539 1800 1692 1842 taliter
1726 1804 1867 1854 gerat,
1905 1813 1962 1841 ne

270 1871 461 1913 nimium
497 1871 734 1913 videamur
768 1871 981 1913 affectare
1016 1871 1130 1913 tales
1165 1871 1381 1920 inducias,
1418 1871 1496 1912 sed
1531 1875 1696 1913 cuncta
1731 1871 1963 1912 moderate

270 1946 315 1985 et
342 1946 519 1984 mature
546 1942 724 1997 dirigat,
752 1955 808 1984 ne
835 1942 944 1997 quid
971 1942 1015 1983 in
1042 1943 1210 1984 honore
1236 1946 1281 1984 et
1307 1942 1642 1984 existimatione
1667 1946 1823 1984 nostra
1849 1941 1962 1983 desi-

272 2013 417 2055 derari
443 2013 599 2068 possit.
1976 2026 2017 2052 25

415 2084 476 2126 Et
510 2084 547 2125 si
579 2084 788 2126 waivoda
821 2084 1071 2139 replicaret,
1106 2084 1203 2125 illas
1237 2084 1415 2125 adiecta
1447 2084 1583 2138 priori
1617 2083 1873 2125 conditione
1907 2083 1962 2125 de

270 2154 377 2196 locis
399 2159 443 2196 et
468 2155 626 2196 castris
648 2155 880 2210 occupatis
894 2154 1184 2198 restituendis
1201 2155 1391 2196 forsitan
1414 2155 1581 2196 frustra
1594 2154 1702 2210 peti,
1719 2154 1796 2196 sed
1810 2154 1963 2209 potius

270 2225 436 2279 requiri
478 2230 523 2267 et
567 2239 680 2281 opus
723 2239 830 2275 esse,
876 2230 926 2267 ut
970 2225 1084 2267 aliae
1127 2226 1407 2268 conditiones
1449 2225 1596 2268 Turco
1639 2225 1962 2267 tolerabiliores

271 2296 519 2337 offerantur
559 2301 604 2338 et
646 2301 974 2352 proponantur,
1018 2301 1127 2338 tunc
1169 2297 1540 2352 praenominatus
1581 2296 1768 2338 nuntius
1809 2300 1962 2337 noster

271 2366 407 2416 dicat,
442 2367 564 2421 quod
597 2367 700 2409 licet
734 2367 789 2409 de
822 2367 875 2408 iis
907 2368 1078 2409 nullam
1111 2368 1350 2422 specialem
1383 2367 1743 2409 commissionem
1777 2367 2015 2415 habeat,30

270 2441 476 2479 attamen
510 2437 756 2480 arbitretur
788 2438 936 2480 adhuc
969 2452 1063 2480 rem
1097 2452 1149 2480 eo
1182 2438 1344 2480 deduci
1376 2451 1519 2494 posse,
1554 2442 1606 2479 ut
1641 2437 1856 2479 articulus
1890 2437 1961 2478 ille

271 2507 327 2549 de
368 2508 526 2549 castris
559 2508 892 2551 intermittatur
929 2509 1142 2564 nullaque
1183 2509 1376 2565 amplius
1416 2509 1471 2551 de
1511 2508 1752 2550 reddendis
1792 2508 1961 2549 eisdem

271 2578 351 2619 fiat
385 2579 556 2620 mentio
587 2579 659 2621 vel
691 2580 1009 2629 controversia,
1043 2580 1122 2621 sed
1153 2580 1276 2635 quod
1308 2580 1383 2621 illa
1414 2593 1492 2635 per
1522 2593 1660 2621 unam
1693 2583 1737 2620 et
1770 2579 1959 2620 alterazn

270 2652 447 2703 partem
470 2649 690 2691 hactenus
712 2655 935 2705 occupata
955 2651 1045 2692 sint
1069 2654 1114 2692 et
1137 2655 1352 2693 maneant
1375 2651 1421 2692 in
1443 2663 1496 2692 eo
1517 2650 1615 2692 1000
1637 2654 1681 2691 et
1703 2652 1843 2698 statu,
1869 2662 1960 2703 quo

270 2732 391 2761 nunc
418 2724 538 2761 sunt.
1975 2732 2011 2758 35

412 2790 458 2831 Si
491 2804 598 2832 vero
632 2791 870 2833 Moldavus
905 2796 984 2833 aut
1019 2805 1210 2846 persona
1244 2791 1475 2846 praedicta
1509 2790 1580 2832 vel
1614 2789 1773 2830 addita
1806 2789 1958 2830 condi-

272 2859 394 2900 tione
425 2860 512 2902 ista
541 2861 788 2902 Turcarum
819 2862 1092 2904 dominatori
1121 2862 1324 2904 nondum
1353 2860 1560 2902 satisfieri
1589 2872 1718 2914 posse
1748 2863 1959 2901 vereatur

272 2933 316 2970 et
350 2930 470 2971 ultra
503 2944 602 2972 eam
642 2931 752 2986 quid
786 2932 909 2974 aliud
941 2937 1084 2987 petat,
1120 2932 1306 2974 tandem
1340 2935 1384 2972 et
1418 2929 1594 2971 nonnisi
1642 2929 1700 2971 ad
1745 2929 1958 2971 ultimum

272 3012 519 3053 proponere
550 3001 717 3055 poterit
751 3002 899 3051 aliam,
930 3003 1096 3052 dicens,
1125 3001 1247 3057 quod
1272 3001 1374 3042 licet
1407 3000 1462 3041 de
1494 3000 1568 3041 illa
1599 3000 1709 3041 nihil
1740 2999 1879 3041 etiam
1912 3000 1957 3042 in

273 3070 519 3111 commissis
559 3071 741 3120 habeat,
783 3085 941 3113 verum
981 3073 1018 3113 si
1058 3077 1103 3114 et
1144 3085 1244 3113 eam
1284 3071 1448 3112 habere
1488 3074 1710 3125 oporteat,
1753 3070 1958 3112 similiter
1970 3085 2014 3111 4ο-

273 3143 421 3193 speret
462 3140 584 3188 illam
624 3154 651 3182 a
689 3141 819 3183 nobis
858 3142 1090 3196 impetrari
1128 3155 1272 3197 posse,
1313 3141 1398 3182 hoc
1437 3140 1603 3182 scilicet
1643 3145 1793 3196 pacto,
1835 3141 1958 3196 quod
