2209 3643
176 183 234 217 18.
269 182 364 228 Apr.
402 177 512 232 1492]
954 183 1030 217 No.
1053 193 1101 226 39
1824 189 1871 223 43

173 313 304 356 vobis
334 318 490 356 nostro
519 314 714 363 nomine,
748 314 884 355 armis
915 319 959 356 et
991 313 1199 369 potentia
1229 317 1469 368 tamquam
1499 312 1653 354 fideles
1695 316 1874 354 nostros

174 384 376 435 dilectos,
402 390 611 441 protegat
637 389 682 426 et
706 385 937 435 defendat,
963 386 1105 427 donec
1129 390 1174 427 et
1199 398 1435 441 quousque
1457 397 1540 426 nos
1563 383 1872 439 personaliter,

174 460 226 497 ut
259 457 304 497 in
337 457 464 498 brevi
495 470 742 512 speramuS,
772 456 1007 498 vobiscum
1038 456 1414 512 comparebimuS,
1448 455 1580 498 Vobis
1611 459 1656 497 et
1689 454 1873 497 cuilibet

174 531 379 568 vestrum
422 528 582 583 regalis
626 528 921 582 benignitatis
965 532 1146 569 nostrae
1190 527 1384 583 gratiam
1428 532 1473 568 et
1517 525 1874 568 benivolentiam

140 609 156 635 5
174 598 357 639 uberius
384 599 644 641 exhibituri.
676 600 825 654 Quare
852 612 933 641 vos
962 612 1118 641 omnes
1145 604 1190 640 et
1218 598 1467 654 quemlibet
1495 601 1700 640 vestrum
1727 596 1873 652 requi-

174 668 315 711 rimus
348 674 392 711 et
419 671 658 712 hortamur
691 684 741 712 ac
766 670 1082 726 praecipiendo
1116 671 1403 718 mandamus,
1439 673 1490 711 ut
1525 669 1610 724 ipsi
1641 669 1873 724 Stephano

174 740 399 782 vaivodae
420 746 576 783 nostro
597 741 779 783 nomine
802 741 999 796 pareatis
1021 746 1065 783 et
1089 741 1326 789 obediatiS,
1351 754 1402 781 ac
1425 740 1470 781 in
1492 740 1678 795 singulis
1711 738 1874 782 vestris

172 812 521 854 necessitatibus
538 817 742 854 vestrum
761 812 983 868 refugium
1002 813 1060 854 ad
1078 826 1181 854 eum
1200 811 1422 860 habeatis,
1442 816 1577 867 prout
1597 811 1654 852 ab
1672 809 1874 852 Antonio

171 882 513 938 Siebenbiirger,
552 884 763 925 familiari
800 891 955 925 nostro
992 884 1113 925 fideli
1155 883 1334 932 dilecto,
1386 882 1549 924 clarius
1598 880 1871 936 intelligetis,

119 963 155 990 10
174 953 248 995 cui
272 953 453 1008 plenam
479 954 734 996 credentiae
758 955 894 996 fidem
919 955 1133 996 adhibete
1157 959 1201 996 et
1227 954 1380 996 taliter
1404 967 1507 1009 ergo
1531 967 1614 995 Vos
1638 952 1874 995 ostendere

173 1024 338 1073 velitis,
375 1030 510 1079 prout
546 1040 640 1074 vos,
678 1040 759 1080 pro
793 1031 946 1067 vestra
980 1040 1085 1080 erga
1119 1026 1267 1067 Deum
1302 1024 1513 1079 religione
1547 1025 1749 1066 facturos
1782 1036 1873 1064 non

174 1095 452 1137 dubitamus.
481 1097 533 1137 In
557 1110 647 1151 quo
669 1110 763 1138 rem
785 1097 916 1138 nobis
939 1097 1114 1138 facietis
1135 1096 1454 1152 gratissimam,
1477 1095 1686 1151 gratiosis
1708 1093 1873 1136 favori-

174 1167 259 1208 bus
287 1171 332 1208 et
361 1166 592 1208 beneficiis
621 1182 725 1222 erga
753 1181 835 1209 vos
863 1173 907 1209 et
937 1167 1186 1222 quemlibet
1215 1171 1419 1209 vestrum
1447 1166 1871 1221 recognoscendam,

174 1243 217 1279 et
248 1237 468 1279 memoria
497 1243 654 1280 nostra
683 1252 888 1293 unquam
927 1238 1212 1280 abolendam.

121 1319 156 1346 15
320 1309 495 1350 Datum
539 1309 583 1350 in
628 1310 798 1364 oppido
839 1314 995 1351 nostro
1038 1310 1188 1359 Gretz,
1228 1309 1300 1351 die
1346 1322 1411 1351 11.
1453 1308 1620 1350 mensis
1662 1307 1870 1363 Augusti.

172 1380 306 1421 Anno
347 1392 471 1434 1490.
509 1380 767 1434 Regnorum
805 1381 1117 1422 Romanorum
1146 1392 1184 1433 5.
1221 1380 1482 1435 Hungariae
1519 1392 1556 1421 1.

226 1473 388 1518 (Archiv
418 1474 482 1508 fiir
513 1474 660 1508 Kunde
683 1477 821 1509 osterr.
848 1474 1267 1519 Geschichts-Quellen
1296 1474 1374 1508 vol.
1407 1484 1441 1518 3.
1472 1484 1562 1519 pag.
1589 1479 1818 1519 410—411.)

999 1614 1071 1655 39.

719 1725 863 1773 Euda,
894 1726 963 1766 18.
997 1724 1173 1780 Aprilis
1201 1737 1328 1779 1492.

120 1817 157 1844 2⁰
173 1814 426 1854 Wladislaus
463 1815 520 1854 ΙΙ.
551 1827 623 1853 rex
653 1815 896 1866 Hungariae
924 1815 1152 1853 conventui
1180 1815 1376 1854 ecclesiae
1404 1815 1456 1854 de
1485 1815 1872 1854 Kolozsmonostor.

319 1915 588 1957 Mandatum
622 1915 980 1957 vz‘ntrodzszctorz‘mn
1014 1919 1050 1956 et
1083 1914 1359 1956 statutorzfum
1392 1918 1470 1969 pro
1502 1919 1625 1970 parte
1658 1914 1873 1970 Stephani

174 1985 380 2028 vaivodae
408 1987 464 2028 M
467 1986 660 2028 oldavz‘ae
694 1986 739 2028 in
769 1986 1015 2027 dominizmz
1043 1985 1190 2027 Csicso
1221 1990 1257 2027 et
1285 1986 1574 2027 Kizkrtilldvoir.

320 2092 593 2135 VVladislaus
640 2093 724 2135 Dei
770 2092 917 2147 gratia
963 2106 1041 2133 rex
1090 2091 1351 2147 Hungariae
1398 2096 1442 2133 et
1491 2091 1736 2133 Bohemiae
1786 2096 1870 2134 etc.

119 2173 157 2200 25
176 2163 406 2205 Fidelibus
437 2164 618 2213 nostris,
652 2163 898 2206 conventui
930 2162 1140 2205 ecclesiae
1172 2163 1227 2204 de
1261 2163 1637 2204 Colosmonostra.
1670 2163 1873 2204 Salutem

174 2239 219 2276 et
251 2235 461 2288 gratiam.
498 2236 610 2277 Cum
642 2249 724 2276 nos
757 2235 977 2284 debitum,
1011 2239 1061 2275 ut
1096 2235 1240 2283 decet,
1273 2234 1495 2275 habentes
1526 2238 1783 2288 respectum
1815 2234 1875 2275 ad

174 2305 453 2360 praeclaram
492 2307 615 2347 illam
666 2307 803 2348 fidem
843 2310 888 2347 et
928 2305 1129 2346 fidelium
1168 2304 1488 2359 obsequiorum
1527 2304 1691 2346 merita
1729 2304 1873 2346 fidelis

173 2376 317 2417 nostri
353 2377 622 2431 Spectabilis
663 2382 707 2418 et
749 2376 975 2431 Magnifici
1012 2375 1233 2430 Stephani
1273 2375 1497 2417 vaivodae
1537 2376 1871 2425 Moldaviensis‚

174 2460 292 2501 quae
324 2446 419 2502 ipse
452 2448 649 2503 primum
680 2448 971 2489 Serenissimo
1003 2446 1195 2502 principi
1229 2446 1422 2488 condam
1456 2446 1640 2488 domino
1673 2446 1874 2488 Mathiae

121 2529 157 2556 30
173 2517 279 2573 regi,
318 2519 651 2573 praedecessori
687 2523 843 2560 nostro
880 2517 1020 2560 felicis
1056 2517 1417 2559 reminiscentiae
1454 2531 1505 2558 ac
1541 2517 1703 2559 Sacrae
1740 2517 1874 2558 huius

172 2588 298 2644 regni
335 2589 480 2631 nostri
519 2590 781 2645 Hungariae
821 2603 1011 2631 coronae
1049 2588 1302 2642 deindeque
1357 2588 1497 2630 etiam
1536 2587 1666 2629 nobis
1705 2588 1750 2629 in
1788 2589 1874 2630 hoc

173 2659 419 2714 primordio
440 2660 670 2716 regiminis
691 2660 835 2702 nostri
857 2674 960 2702 cum
983 2673 1161 2700 summa
1182 2659 1271 2700 fide
1293 2662 1338 2700 et
1360 2658 1595 2700 fidelitatis
1616 2672 1873 2714 persevera-

173 2730 311 2780 tione,
354 2731 556 2786 vestigiis
594 2731 991 2787 praedecessorum
1028 2743 1213 2771 suorum
1253 2729 1556 2771 vaivodarum
1598 2729 1873 2771 inhaerendo

173 2800 379 2843 exhibuit
400 2807 445 2844 et
465 2802 701 2858 impendit,
724 2807 873 2844 castra
889 2801 1072 2856 Chycho
1086 2805 1130 2841 et
1152 2800 1412 2842 Kikellevar
1425 2804 1592 2842 vocata
1606 2800 1651 2841 in
1665 2800 1873 2854 partibus

119 2883 155 2909 35
172 2872 339 2914 nostris
365 2873 673 2915 Transilvanis
699 2873 872 2921 habita,
901 2885 1017 2926 quae
1043 2871 1137 2926 ipse
1163 2885 1190 2912 a
1214 2871 1427 2912 manibus
1452 2871 1654 2913 eiusdem
1681 2871 1874 2912 condam

173 2942 346 2984 domini
386 2944 586 2986 Mathiae
626 2944 744 2998 regis
783 2942 944 2984 habuit
985 2946 1030 2983 et
1071 2942 1292 2983 hactenus
1332 2941 1480 2983 tenuit
1538 2942 1874 2996 eorundemque

174 3013 410 3068 pacificam
446 3019 491 3056 et
528 3015 732 3069 quietam
768 3013 1095 3069 possessionem
1131 3012 1270 3053 habet
1307 3017 1446 3066 atque
1482 3017 1607 3054 tenet
1644 3013 1782 3054 etiam
1819 3013 1874 3054 de

174 3085 417 3138 praesenti,
433 3085 568 3126 simul
583 3099 686 3126 curn
702 3085 913 3126 omnibus
936 3083 1128 3138 oppidis,
1154 3083 1285 3131 villis,
1310 3083 1680 3138 possessionibus,
1704 3083 1873 3138 portio-

173 3154 308 3196 nibus
347 3160 392 3197 et
431 3155 605 3197 iuribus
644 3154 1018 3211 possessionariis,
1058 3167 1234 3195 necnon
1273 3154 1468 3208 praediis
1507 3158 1551 3195 et
1591 3154 1775 3196 tributis
1815 3155 1873 3196 ad
