2209 3643
316 212 387 247 254
1072 200 1145 234 No⁴
1170 209 1238 233 211
1718 196 1765 250 [1.
1790 201 1882 234 Dec.
1909 209 2003 243 1535

318 331 458 386 Regia
498 330 711 372 Maiestas
751 330 823 370 Vra
856 328 1068 382 dignetur
1109 333 1309 370 oratores
1336 342 1440 370 suos
1467 329 1648 371 mittere
1677 329 1736 371 ad
1760 330 1913 372 Sermum
1942 344 2008 372 re-

315 416 415 458 gem
466 400 691 449 Poloniae,
724 402 959 441 monentes
985 398 1124 440 Suam
1166 396 1283 448 Mtem,
1314 404 1366 441 ut
1406 400 1536 441 nobis
1576 399 1723 455 gratia
1763 405 2008 456 perpetuae

316 474 460 514 bonae
498 469 748 512 vicinitatis
780 474 825 511 et
852 469 1273 519 confoederationis,
1315 470 1486 525 absque
1524 470 1740 512 effusione
1778 471 2008 526 sanguinis

316 542 569 598 praefatam
605 545 773 582 terram
807 539 992 581 Sacram
1029 553 1241 581 coronam
1278 545 1535 583 cernentem
1572 541 1836 583 remitteret.
1876 542 2008 597 Quod

316 614 351 655 si
364 613 454 654 Sua
468 611 680 653 Maiestas
696 614 864 652 terram
879 610 1002 652 illam
1017 624 1108 652 non
1123 610 1343 653 remiserit
1359 611 1543 653 credens
1557 616 1639 661 est,
1656 612 1780 667 quod
1793 612 2007 655 brevibus
2020 624 2036 649 5

316 682 595 737 temporibus
616 681 789 723 maiora
810 685 854 722 et
877 681 1029 736 peiora
1050 681 1274 736 prioribus
1295 682 1508 724 orientur.
1533 683 1771 724 Caeterum
1793 683 2009 738 quicquid

315 753 384 795 his
401 752 616 807 Egregius
632 752 824 794 Michael
847 752 1206 807 praesentiarum
1234 752 1474 802 exhibitor,
1494 753 1640 795 fidelis
1665 753 1826 795 Sacrae
1844 754 2010 809 Regiae

316 817 381 866 Mti
408 824 496 865 ΨΜ
534 823 716 865 nomine
753 826 910 864 nostro
942 822 1122 871 dixerit,
1150 837 1361 878 rogamus
1396 823 1557 865 Sacrae
1602 824 1769 879 Regiae
1813 818 1879 866 M¹²i
1904 825 2009 873 Vm,

316 899 366 937 ut
397 894 613 935 relatibus
641 893 732 935 suis
759 897 982 948 tanquam
1008 893 1066 935 ab
1090 907 1164 935 ore
1196 898 1352 936 nostro
1385 894 1573 949 prolatis
1607 894 1742 936 fidem
1775 895 2011 938 indubiam

316 964 529 1007 adhibere
566 964 789 1019 dignetur.
835 964 983 1019 Quam
1021 965 1144 1006 Deus
1181 964 1394 1020 Optimus
1448 965 1674 1007 Maximus
1710 970 1755 1007 et
1791 966 2060 1021 benignuslo

313 1036 495 1078 Sacram
543 1035 732 1090 Regiam
774 1033 877 1076 Mtem
908 1035 1026 1084 V‘am,
1070 1035 1306 1077 dominum
1353 1040 1559 1078 nostrum
1613 1036 2012 1079 clementissimum

315 1107 492 1148 salvum
517 1110 561 1148 et
588 1106 666 1148 diu
692 1105 905 1161 omnique
930 1106 1164 1161 triumpho
1187 1120 1415 1148 reservare
1439 1106 1663 1161 dignetur.

458 1177 591 1219 Datis
613 1191 667 1218 ex
691 1176 858 1232 oppido
880 1181 1036 1219 nostro
1061 1177 1300 1232 Jaswaros,
1325 1177 1371 1218 in
1393 1177 1464 1219 die
1486 1177 1701 1220 Omnium
1721 1177 2003 1220 Sanctorum.

318 1250 450 1290 Anno
479 1261 587 1290 vero
616 1252 775 1304 partus
804 1247 994 1303 virginei
1026 1258 1149 1301 1535.

457 1357 720 1396 Intitulatio:
758 1357 879 1396 Ser¹no
922 1356 1100 1409 principi
1139 1362 1181 1396 et
1221 1357 1404 1401 domino,
1452 1357 1622 1396 domino
1661 1357 1805 1397 divina
1843 1357 2013 1397 favente
2031 1366 2064 1392 15

321 1416 543 1456 clementia
584 1416 851 1456 Ferdinando
894 1417 1196 1462 Romanorum,
1241 1417 1495 1468 Hungariae‚
1540 1418 1767 1456 Bohemiae
1807 1421 1885 1456 etc.
1929 1417 2013 1468 regi

320 1489 482 1528 semper
507 1477 712 1527 Augusto,
741 1476 894 1515 infanti
922 1476 1237 1528 Hispaniarum,
1265 1477 1479 1516 archiduci
1504 1476 1699 1516 Austriae
1724 1481 1802 1516 etc.
1831 1477 2013 1516 Domino

319 1549 393 1574 suo
424 1536 735 1587 gratiosissimo.

669 1628 895 1673 (Originale.
929 1629 1216 1669 Staatsarchiv,
1252 1629 1377 1663 Vv'ien.
1413 1629 1670 1673 Hungarica.)

1113 1793 1211 1834 211.
2029 1804 2066 1830 :20

843 1915 1021 1969 [Ja5i,]
1039 1928 1078 1956 I.
1098 1914 1344 1956 Decembris
1362 1925 1488 1968 1535.

389 2019 537 2058 Petrus
568 2018 698 2073 Rares
725 2018 911 2058 vaivoda
939 2017 1179 2056 Moldaviae
1208 2016 1478 2056 Ferdinando
1512 2017 1543 2055 I.
1575 2017 1661 2067 regi
1694 2016 1948 2068 Hungariae.

456 2129 640 2170 Litterae
673 2129 951 2171 credentz'ales
980 2133 1058 2184 pro
1096 2129 1251 2170 nuntio
1281 2142 1358 2169 suo
1389 2128 1444 2169 ad
1472 2142 1569 2169 eum
1596 2127 1741 2170 misso.

464 2248 588 2290 Ser¹ne
620 2248 828 2304 princeps
871 2252 916 2290 et
948 2247 1144 2296 domine,
1190 2247 1370 2289 domine
1414 2245 1745 2301 gratiosissime.
1793 2244 2014 2287 Obedien-

324 2318 436 2360 tiam
472 2319 592 2361 omni
629 2319 862 2361 fidelitate.
902 2319 1063 2360 Petrus
1098 2318 1182 2360 Dei
1216 2317 1363 2372 gratia
1397 2316 1605 2359 waivoda
1639 2320 1684 2358 et
1719 2315 1928 2357 dominus
1963 2328 2015 2356 ac
2027 2335 2064 2361 25

325 2390 479 2431 haeres
502 2403 635 2431 verus
657 2394 803 2432 terrae
826 2389 1159 2431 Moldaviensis.

467 2460 671 2502 Misimus
709 2461 830 2503 hunc
869 2460 1112 2515 Egregium
1151 2459 1415 2514 Gregorium
1456 2457 1797 2512 Rosomberger‚
1838 2455 2015 2498 fidelem

324 2530 453 2571 nobis
500 2531 669 2572 sincere
718 2531 934 2572 dilectum
981 2530 1040 2572 ad
1065 2530 1249 2572 Sacram
1291 2529 1479 2584 Regiam
1519 2527 1622 2569 Mtem
1651 2528 1751 2569 V¹²²¹¹n
1781 2526 2016 2568 dominum

326 2604 531 2642 nostrum
559 2601 975 2650 clementissimum,
1004 2600 1231 2642 nonnullis
1271 2600 1405 2642 rebus
1432 2612 1583 2641 coram
1608 2598 1744 2639 Sacra
1770 2595 1845 2638 Mte
1874 2597 2016 2651 Regia

327 2672 397 2711 Vra
426 2671 658 2725 exigendo,
707 2672 1017 2727 supplicantes
1060 2671 1222 2713 Sacrae
1253 2670 1420 2725 Regiae
1459 2663 1525 2711 Mti
1555 2669 1658 2717 Vffie,
1688 2671 1914 2722 quatenus
1954 2666 2017 2708 illi
2032 2688 2067 2714 30

325 2741 460 2782 Sacra
480 2742 693 2783 Maiestas
721 2743 863 2797 Regia
883 2743 955 2783 Vra
975 2746 1132 2784 nostro
1163 2741 1344 2783 nomine
1365 2740 1501 2782 fidem
1529 2743 1757 2794 praestare
1790 2737 2013 2792 dignetur.

327 2811 563 2852 Caeterum
619 2812 774 2867 itaque
831 2812 1090 2867 supplicans
1144 2812 1305 2853 Sacrae
1350 2805 1415 2852 Mti
1462 2808 1628 2863 Regiae
1683 2808 1772 2849 Vrae
1817 2807 2015 2857 domino,

328 2881 510 2922 domino
545 2886 701 2924 nostro
737 2882 1099 2931 clementissimo,
1137 2887 1364 2937 quatenus
1398 2880 1502 2922 huic
1537 2883 1692 2920 nostro
1728 2878 1848 2920 fideli
1880 2877 2017 2919 Sacra

332 2951 470 3004 Regia
490 2952 702 2994 Maiestas
723 2953 794 2995 Vsa
815 2953 967 3008 vigore
985 2953 1101 2995 Suae
1122 2947 1202 2994 Mtis
1223 2952 1433 3006 dignetur
1465 2963 1545 3005 pro
1581 2950 1658 3004 [eo]
1695 2948 1870 2990 litteras
1902 2947 2016 2990 salvi

331 3021 579 3062 conductus
601 3023 782 3065 mittere
805 3023 864 3064 ad
885 3024 1035 3065 locum
1057 3022 1350 3064 destinatum.
1377 3022 1431 3062 In
1453 3020 1625 3074 reliquo
1647 3020 1769 3060 Deus
1791 3018 2016 3060 Maximus
2031 3040 2069 3066 35

330 3094 374 3130 et
411 3090 630 3145 benignus
666 3093 725 3134 ad
761 3107 843 3134 sua
878 3099 989 3135 vota
1025 3093 1270 3135 christiana
1306 3104 1483 3133 summo
1520 3089 1752 3145 triumpho
1788 3089 1847 3131 ad
1883 3089 2016 3144 longa

331 3163 537 3213 tempora
570 3175 833 3205 conservare
866 3163 1088 3218 dignetur.
