2209 3643
285 200 354 234 194
967 187 1042 221 No.
1068 197 1262 231 154—155
1682 183 1730 237 [5.
1751 169 1847 234 julii
1870 199 1967 233 1529

1077 338 1174 379 154.

860 446 1004 495 Euda,
1038 457 1078 499 5.
1112 446 1390 501 Julii1529.

418 538 728 576 Locumtenens
761 541 803 575 et
836 536 1061 575 consiliarii
1094 537 1362 576 Ferdinando
1395 537 1428 576 Ι.
1463 537 1548 588 regi
1582 537 1837 588 Hungariae.

426 635 661 677 Auxilium
696 635 744 677 ob
779 635 1015 677 imminens
1048 636 1292 691 periculum
1325 650 1375 678 ex
1408 640 1528 692 parte
1561 636 1618 677 M
1621 636 1814 678 oldaviae
1841 636 1972 678 Vala-

279 707 478 761 clziaeque
510 706 756 760 implorant.

424 800 489 847 Mti
522 806 611 847 Vrae
644 819 722 861 per
768 807 1079 848 Immortalem
1118 808 1265 849 Deum
1309 807 1629 862 supplicamus,
1669 822 1725 849 ne
1756 808 1968 863 negligat,
2011 825 2027 850 5

280 890 418 932 quam
445 877 658 918 citissime
685 877 1046 919 Transsilvaniae
1073 891 1179 919 suae
1205 892 1460 920 succurrere
1481 892 1489 928 ;
1518 892 1625 919 nam
1652 879 1972 934 Transalpinus

280 961 460 1002 quoque
492 947 691 989 vaivoda
723 953 907 1002 paratas
939 953 1095 1003 gentes
1128 949 1293 990 habere
1325 949 1491 990 dicitur
1521 954 1566 991 et
1594 963 1672 1004 per
1693 949 1971 991 Moldaviam

281 1019 325 1059 in
348 1018 731 1060 Transsilvaniam
755 1024 1035 1074 expectatur.
1059 1019 1105 1061 si
1128 1020 1199 1061 hic
1222 1020 1341 1061 solus
1364 1024 1547 1061 tantum
1570 1020 1736 1075 potuit,
1761 1020 1974 1061 Maiestas

279 1090 350 1130 Vra
377 1089 656 1130 considerare
682 1094 848 1144 potest,
889 1090 999 1144 quid
1025 1091 1230 1132 futurum
1269 1095 1350 1140 est,
1379 1105 1520 1145 quum
1546 1091 1661 1132 illius
1687 1091 1803 1132 vires
1829 1104 1974 1132 acces-

280 1160 432 1201 serint.
469 1161 679 1202 Profecto
712 1160 874 1202 misera
907 1161 1244 1202 Transsilvania
1277 1161 1335 1203 ob
1368 1175 1497 1203 suam
1530 1161 1800 1203 fidelitatem
1833 1161 2026 1203 maxi-10

282 1244 402 1271 mam
430 1231 739 1273 calamitatem
766 1245 900 1286 passa
926 1236 1007 1273 est.

426 1301 597 1351 Eudae,
632 1313 670 1355 5.
700 1302 825 1356 Julii.
859 1303 992 1344 Anno
1023 1303 1206 1344 Domini
1238 1314 1361 1357 1529.

417 1396 642 1440 (Originale.
672 1396 960 1436 Staatsarchiv,
994 1397 1118 1431 Wien.
1142 1397 1384 1442 Hungarica.
1408 1397 1569 1431 Edidit:
1606 1397 1754 1431 Archiv
1783 1396 1846 1430 fiir
1869 1396 1905 1430 S.
1929 1397 1972 1430 L.

279 1455 356 1488 vol.
387 1457 446 1489 26.
475 1466 565 1500 pag.
593 1458 680 1500 672.
710 1459 750 1490 et
781 1456 1045 1490 Monumenta
1073 1456 1338 1491 ecclesiastica
1369 1457 1446 1490 vol.
1474 1456 1504 1490 Ι.
1530 1467 1618 1502 pag.
1645 1457 1746 1501 477.)

1083 1608 1181 1649 155.
1990 1614 2028 1641 15

798 1717 1022 1767 Botosani,
1056 1728 1126 1769 31.
1166 1717 1200 1770 J
1207 1717 1288 1758 aliz·
1326 1729 1451 1771 1529.

369 1808 518 1846 Petrus
554 1806 684 1860 Rares
718 1807 904 1845 vaivoda
939 1807 1176 1846 Moldaviae
1210 1807 1375 1846 senatui
1409 1807 1596 1845 civitatis
1630 1808 1885 1846 Besztercze.

430 1906 584 1947 Arcem
622 1906 947 1960 Ba‘lvoznyosvdr
973 1907 1201 1948 castellano
1227 1920 1303 1948 suo
1333 1906 1382 1947 de
1407 1906 1553 1948 Csicso'
1588 1906 1682 1948 sine
1710 1920 1830 1948 mora
1863 1906 1978 1948 tradi

280 1981 409 2032 rogat,
430 1991 560 2032 quam
580 1991 605 2018 α
625 1977 659 2030 J
662 1991 801 2018 omme
820 1991 910 2032 rege
930 1982 1158 2032 acceperat.
1193 1978 1342 2020 Unum
1361 1977 1601 2032 lapicidam
1621 1977 1704 2019 sibi
1725 1977 1837 2019 mitti
1856 1978 1974 2032 petit.

429 2083 589 2124 Petrus
626 2082 864 2138 wayvoda,
905 2082 989 2124 Dei
1025 2082 1173 2137 gratia
1211 2082 1420 2124 dominus
1459 2087 1603 2124 terrae
1641 2082 2026 2124 Moldaviensis.20

286 2153 535 2194 Prudentes
563 2158 608 2195 et
638 2153 951 2208 circumspecti
978 2153 1150 2195 subditi
1178 2153 1321 2195 nostri
1349 2153 1516 2195 sincere
1545 2153 1709 2195 dilecti.

426 2224 742 2266 Serenissimus
793 2224 1002 2265 dominus
1048 2225 1250 2278 Joannes
1300 2238 1377 2265 rex
1428 2224 1702 2278 Hungariae,
1767 2223 1975 2266 dominus

284 2299 436 2335 noster
464 2295 703 2348 gratiosus,
725 2295 984 2336 Bistriciam
1006 2295 1242 2336 civitatem
1273 2300 1317 2336 et
1339 2299 1540 2336 castrum
1571 2295 1812 2336 Balwanus
1841 2293 1971 2335 nobis

285 2365 475 2406 donavit
517 2370 560 2406 et
603 2365 900 2407 adhortamur
940 2379 1022 2407 vos
1073 2366 1390 2407 nichilominus
1431 2370 1476 2407 et
1518 2365 1788 2406 mandamus
1827 2365 1972 2414 vobis,

285 2440 510 2489 quatenus
535 2435 642 2477 visis
666 2436 828 2477 litteris
852 2437 1032 2485 nostris,
1058 2437 1216 2478 statim
1241 2440 1440 2478 castrum
1466 2436 1707 2477 Balwanus
1732 2435 1791 2477 ad
1814 2448 1975 2476 manus
1989 2452 2028 2478 25

285 2506 577 2560 Egregiorum
628 2507 858 2561 Draczyn1
890 2512 934 2548 et
981 2507 1174 2548 Simonis
1224 2507 1570 2549 castellanorum
1615 2511 1872 2548 nostrorum
1920 2505 1975 2547 de

286 2576 469 2630 Chycho
497 2576 725 2618 inmittere
752 2582 796 2618 et
825 2577 931 2618 dare
959 2577 1177 2627 debeatis,
1206 2591 1261 2619 ne
1289 2578 1502 2619 ulteriora
1528 2577 1668 2619 verba
1694 2577 1739 2618 in
1767 2577 1850 2617 hac
1877 2575 1975 2630 ipsa

286 2660 332 2687 re
371 2647 573 2688 referatis
613 2652 657 2688 et
698 2648 872 2696 dicatis,
915 2653 959 2689 et
1015 2648 1051 2689 si
1102 2648 1266 2703 cupitis
1316 2648 1429 2689 bene
1469 2652 1700 2696 vestrum;
1742 2650 1974 2701 praeterea

288 2721 440 2757 autem
476 2731 557 2758 vos
593 2717 738 2759 illum2
762 2719 1004 2772 lapicidam
1037 2719 1317 2773 magistrum,
1353 2718 1430 2772 qui
1465 2718 1555 2759 iam
1590 2717 1764 2772 pridem
1799 2716 1858 2757 ad
1892 2730 1973 2758 vos

288 2787 498 2840 portandi
529 2787 747 2829 victualia
778 2802 884 2829 suae
915 2789 1043 2830 uxori
1074 2789 1281 2837 redierat,
1315 2802 1449 2842 quem
1480 2802 1583 2829 cum
1613 2800 1694 2828 suo
1724 2800 1841 2840 equo
1870 2787 1974 2828 reti·
1990 2803 2025 2830 30

289 2857 462 2906 nuistis,
489 2857 653 2899 iterum
679 2872 782 2899 cum
808 2859 1034 2913 aliquibus
1059 2859 1156 2900 aliis
1181 2859 1311 2900 sociis
1336 2857 1606 2912 lapicidariis
1632 2857 1690 2898 ad
1715 2870 1796 2898 nos
1822 2856 1973 2899 dimit-

290 2930 382 2967 tere
412 2927 560 2968 velitis
592 2932 635 2969 et
669 2929 868 2970 caveatis
900 2929 1256 2983 indignationem
1287 2933 1504 2975 nostram,
1538 2941 1592 2968 ne
1623 2927 1733 2968 talia
1764 2927 1973 2983 deinceps

289 2997 544 3038 exerceatis.

430 3148 444 3169 ²
459 3150 610 3184 Recte:
635 3151 813 3185 Dracsin.
957 3151 971 3172 2
991 3151 1264 3185 Cancellatus:
1298 3149 1421 3184 illum.
