2209 3643
156 204 213 237 16.
233 202 340 247 Sept.
366 196 475 250 1519]
921 200 995 235 No.
1020 200 1067 241 89
1780 206 1846 230 121

155 336 198 373 et
224 332 449 386 Joannem
477 330 716 386 Desewffy,
746 343 882 371 causa
908 330 1108 385 partium
1137 329 1181 371 in
1208 329 1456 384 praemissa
1483 328 1673 370 fuissent
1701 340 1850 382 repor—

155 407 298 452 tatae,
325 402 478 457 vigore
503 415 695 457 quarum
720 401 804 442 nisi
830 401 1023 456 repulsio
1048 401 1287 455 quaedam,
1314 399 1495 442 nomine
1520 403 1564 441 et
1590 399 1636 440 in
1660 411 1853 454 persona

157 474 297 528 ipsius
328 473 595 528 exponentis
626 473 749 513 facta
796 472 1128 526 subsecutaque
1160 472 1332 521 fuisset,
1365 470 1695 526 praescriptum
1727 468 1852 524 oppi-

157 545 266 586 dum
290 544 633 598 Zenthmargita
655 543 790 584 iidem
816 543 1028 584 Nicolaus
1051 548 1095 585 et
1115 543 1316 597 Joannes
1339 546 1514 584 actores
1536 555 1618 596 pro
1641 554 1687 582 se
1710 539 1854 582 statui

123 615 368 657 5fecissent
403 616 448 656 in
482 614 681 656 eiusdem
716 614 984 669 exponentis
1018 613 1345 669 praeiudicium
1379 618 1423 655 et
1459 613 1677 654 damnum
1711 611 1854 653 mani-

158 687 339 728 festum.
371 685 482 728 Cum
510 690 680 735 tamen,
711 685 747 726 si
774 685 865 726 litis
893 685 1034 726 motio
1062 690 1106 727 et
1134 698 1368 740 processus
1395 698 1557 726 causae
1584 683 1855 738 praemissae

158 757 367 813 praefato
394 756 640 812 exponenti
668 756 938 798 innotuisset
968 761 1012 798 et
1042 756 1100 798 ad
1127 756 1222 798 eius
1249 755 1542 797 directionem
1571 754 1690 796 idem
1719 767 1854 808 expo-

158 842 271 870 nens
297 828 531 882 invigilare
557 827 774 877 scivisset,
804 832 1027 883 sperasset
1055 841 1100 869 se
1127 832 1171 869 et
1201 840 1384 869 causam
1412 826 1557 881 ipsam
1586 826 1644 867 ab
1672 824 1857 866 alterius

158 899 302 955 partis
325 899 610 954 impetitione
635 899 813 940 defacili
837 898 1075 940 defendere
1099 898 1312 953 potuisse,
1338 901 1473 952 prout
1498 910 1628 952 posse
1652 899 1852 951 speraret

102 986 138 1013 10
159 970 298 1012 etiam
331 971 386 1012 de
417 970 675 1025 praesenti;
710 970 829 1011 unde
862 969 1169 1025 supplicatum
1202 968 1378 1010 exstitit
1412 967 1643 1009 Maiestati
1674 971 1856 1008 nostrae

159 1042 205 1083 in
243 1055 436 1096 persona
473 1041 673 1083 eiusdem
712 1041 994 1096 exponentiS,
1026 1045 1077 1082 ut
1117 1040 1201 1082 sibi
1227 1040 1343 1082 circa
1370 1039 1618 1094 praemissa
1656 1038 1711 1080 de
1749 1037 1857 1079 iuris

159 1113 357 1154 remedio
383 1112 621 1167 providere
648 1112 936 1167 dignaremur
962 1115 1220 1167 opportuno
1240 1125 1249 1161 ;
1278 1115 1323 1152 et
1350 1110 1458 1165 quia
1483 1109 1614 1151 iuxta
1641 1112 1859 1151 contenta

159 1184 378 1238 generalis
407 1183 575 1225 decreti
604 1183 738 1224 huius
767 1183 890 1238 regni
919 1183 1061 1225 nostri
1090 1187 1187 1224 tam
1216 1181 1385 1223 iudices
1414 1180 1628 1222 ordinarii
1657 1179 1858 1222 eiusdem

160 1255 290 1310 regni
316 1254 460 1296 nostri
498 1255 789 1309 partiumque
816 1254 900 1295 sibi
928 1254 1250 1302 subiectarum,
1279 1266 1418 1307 quam
1445 1252 1585 1294 etiam
1612 1252 1712 1293 loca
1739 1250 1858 1305 capi—

107 1342 142 1368 15
161 1326 328 1368 tularia
372 1330 416 1367 et
462 1325 782 1367 conventualia
827 1325 884 1366 ab
929 1324 1247 1366 extradatione
1291 1328 1336 1365 et
1369 1322 1659 1364 emanatione
1693 1322 1858 1363 eiusce-

162 1398 285 1440 modi
314 1396 570 1438 litterarum
600 1396 1032 1438 adiudicatoriarum
1062 1400 1200 1450 atque
1230 1394 1632 1436 sententionalium
1661 1407 1740 1448 per
1768 1405 1860 1434 non

162 1469 422 1510 venientem
448 1467 699 1522 cuiuspiam
725 1467 770 1508 in
797 1481 979 1508 causam
1007 1466 1195 1508 attracti
1220 1465 1602 1507 conficiendarum
1627 1468 1672 1506 et
1698 1463 1860 1505 exinde

162 1539 567 1593 relatoriarumque
603 1538 990 1580 rescribendarum
1026 1538 1162 1579 libere
1198 1550 1374 1592 semper
1409 1535 1601 1577 inhiberi
1636 1538 1858 1590 possunt;

164 1614 444 1666 quapropter
479 1609 711 1651 Fidelitati
746 1610 934 1650 Vestrae
969 1609 1132 1650 harum
1167 1608 1277 1649 serie
1311 1607 1500 1649 firmiter
1534 1606 1862 1662 praecipientes

107 1697 141 1723 20
165 1681 495 1724 committimus
521 1684 566 1722 et
594 1680 879 1729 mandamus,
909 1684 1135 1734 quatenus
1160 1679 1321 1720 habita
1346 1678 1655 1733 praesentium
1680 1676 1860 1725 notitia,

165 1753 201 1795 si
250 1752 310 1794 ad
357 1751 671 1794 executionem
720 1755 1059 1806 praetactarum
1108 1750 1364 1792 litterarum
1413 1748 1860 1797 adiudicatoriarum,

166 1823 567 1866 sententionalium
596 1822 790 1864 antefati
815 1822 1006 1876 Joannis
1035 1821 1212 1863 comitis
1241 1825 1285 1862 et
1315 1820 1538 1862 vaivodae
1565 1819 1709 1861 nostri
1736 1818 1863 1860 testi-

166 1894 370 1937 monium
399 1898 603 1936 vestrum
633 1893 837 1935 nondum
867 1892 1124 1942 exmisistis,
1155 1905 1301 1946 neque
1331 1891 1386 1932 de
1416 1895 1594 1933 caetero
1623 1890 1863 1931 exmittere

169 1965 390 2015 audeatis,
421 1965 458 2006 si
487 1979 595 2007 vero
624 1965 722 2020 ipsa
751 1964 958 2006 executio
988 1963 1078 2005 iam
1108 1963 1298 2005 forsitan
1327 1966 1513 2017 peracta
1554 1966 1599 2002 et
1629 1961 1675 2002 in
1704 1960 1862 2002 eadem

113 2053 148 2078 25
167 2036 363 2092 repulsio
393 2050 574 2091 quoque
604 2035 851 2091 praemissa
882 2035 1124 2076 subsecuta
1155 2034 1311 2075 fuisset
1335 2047 1344 2083 ;
1377 2037 1545 2074 extunc
1575 2046 1657 2074 vos
1687 2032 1863 2073 litteras

167 2121 302 2162 super
357 2107 617 2149 huiusmodi
673 2106 938 2148 executione
994 2110 1147 2147 vestra
1202 2104 1448 2153 relatorias,
1506 2102 1863 2158 praenominatis

168 2179 356 2220 Nicolao
397 2178 452 2219 de
493 2178 687 2220 Bethlen
730 2191 782 2219 ac
818 2176 987 2231 Joanni
1029 2176 1255 2231 Desewffy
1296 2175 1535 2217 extradare
1576 2178 1621 2215 et
1663 2173 1864 2215 emanari

168 2250 314 2291 tacere
333 2249 592 2291 nullatenus
612 2248 926 2304 praesumatis,
959 2261 1040 2288 nec
1071 2247 1168 2288 sitis
1197 2246 1293 2287 ausi
1324 2245 1460 2287 modo
1491 2245 1688 2299 aliquali,
1722 2244 1864 2286 donec

169 2320 293 2362 aliud
322 2334 348 2361 a
377 2320 616 2361 Maiestate
644 2324 801 2361 nostra
829 2318 1078 2360 habueritis
1107 2317 1152 2358 in
1182 2317 1425 2366 mandatis,
1456 2316 1715 2371 praefatum
1744 2315 1864 2356 enim

115 2406 148 2432 30
169 2391 415 2433 vaivodam
453 2395 661 2432 nostrum
700 2390 1055 2432 Moldaviensem
1095 2388 1225 2429 iustis
1264 2388 1355 2429 suis
1394 2387 1566 2429 iuribus
1605 2400 1660 2428 ex
1700 2386 1865 2441 impro-

169 2462 267 2504 viso
288 2462 476 2503 destitui
496 2462 719 2504 volumus.
741 2461 877 2503 Secus
897 2461 1052 2514 itaque
1072 2459 1196 2500 nulla
1215 2458 1391 2500 ratione
1412 2457 1590 2499 facturi.
1614 2456 1864 2499 Praesenti-

170 2533 256 2574 bus
282 2533 504 2588 perlectis,
535 2532 768 2574 exhibenti
796 2531 1033 2573 restitutis.

316 2604 490 2645 Datum
514 2603 687 2653 Budae,
715 2603 826 2644 feria
850 2606 981 2644 sexta
1003 2600 1213 2656 proxima
1237 2604 1340 2655 post
1366 2599 1535 2640 festum
1560 2597 1866 2640 Exaltationis

169 2674 363 2716 Sanctae
393 2674 557 2716 Crucis.
599 2674 733 2716 Anno
773 2673 957 2715 Domini
1004 2671 1239 2713 Millesimo
1285 2669 1646 2725 quingentesimo
1691 2668 1865 2710 decimo

118 2761 153 2788 35
170 2758 303 2787 nono.

310 2849 661 2895 (Transsumptum
705 2849 895 2894 originale
929 2850 1150 2884 conventus
1181 2845 1413 2880 monasterii
1434 2846 1483 2879 de
1511 2844 1866 2879 Kolozsmonostor

171 2909 220 2943 de
243 2919 349 2942 anno
375 2919 484 2953 1519.
510 2909 704 2953 Orszagos
728 2908 926 2949 Leveltar,
953 2908 1174 2952 Budapest.
1199 2906 1263 2939 Dl.
1290 2904 1444 2948 28029.)
