2209 3643
283 217 330 251 28
1058 214 1132 248 No.
1156 224 1201 258 25
1681 207 1731 266 [8.
1759 217 1852 251 Dec.
1879 219 1979 262 1476

285 345 343 387 ad
385 345 507 399 quod
549 344 692 386 totius
732 341 991 398 provinciae
1032 342 1150 384 illius
1189 342 1363 397 primus
1403 348 1633 398 respectus
1673 349 1757 394 est,
1800 345 1980 387 duabus

284 415 548 470 septimanis
581 428 661 469 per
694 417 872 454 nostros
907 413 1139 453 obsessum
1174 417 1218 454 et
1254 413 1431 455 fortiter
1465 419 1780 469 expugnatum
1813 420 1895 465 est,
1931 419 1977 457 et

285 486 375 527 iam
409 498 596 539 regnum
637 483 747 525 illud
783 483 827 524 in
861 487 1139 537 potestatem
1171 488 1390 533 nostram,
1431 485 1529 526 Deo
1564 490 1874 540 prosperante,
1911 500 1978 527 re—

285 556 485 597 dactum.

429 626 499 666 Ex
526 628 674 666 castro
699 627 856 665 nostro
881 623 1054 673 Budae,
1082 623 1154 666 die
1179 637 1218 678 4.
1248 625 1509 667 Decembris
1537 626 1661 681 1476.
2014 642 2036 668 e»

428 730 565 776 (Copia
588 740 747 764 coaeva.
774 729 963 763 Archivio
985 729 1026 764 di
1047 730 1174 770 Stato,
1200 731 1360 765 Milano.
1387 732 1551 768 Edidit:
1578 734 1685 769 Mon.
1711 734 1845 779 Hung.
1870 734 1977 769 Hist.

286 791 389 825 Acta
417 793 556 824 extera
583 790 662 823 vol.
694 790 747 823 ΙΙ.
778 799 868 835 pag.
900 790 1130 834 335—336.)

1099 976 1170 1017 25.

793 1086 938 1135 Euda,
976 1086 1016 1128 8.
1055 1087 1302 1129 Decembris
1339 1089 1467 1142 1476.

476 1177 661 1216 Mathias
692 1189 764 1215 rex
798 1177 1042 1228 Hungariae
1070 1177 1191 1217 Sixto
1224 1178 1295 1217 IV.
1333 1178 1532 1217 Pontifici
1566 1179 1774 1220 Romano.
1998 1208 2038 1235 10

431 1288 679 1343 Descriptio
707 1288 948 1329 accuratior
975 1288 1254 1329 victoriarum
1273 1288 1325 1329 ab
1345 1288 1438 1330 eius
1466 1289 1650 1331 exercitu
1677 1290 1726 1332 in
1753 1291 1809 1331 M
1811 1291 1982 1333 oldavia

291 1359 578 1414 Valaclzz‘aque
606 1359 940 1414 deportaturum.
975 1359 1100 1413 Fuga
1132 1359 1388 1400 Turcarum.
1425 1359 1579 1401 Clades
1607 1361 1811 1403 vaivodae
1842 1362 1982 1404 Basa-

290 1430 379 1479 rab,
407 1430 463 1471 ad
488 1430 616 1471 cuius
641 1429 893 1485 dignitatem
918 1430 1173 1485 capitaneus
1199 1430 1307 1479 eius,
1334 1430 1501 1472 Dracul
1525 1435 1687 1473 evectus
1712 1436 1783 1473 est.

433 1548 503 1590 Ex
524 1547 688 1589 litteris
708 1547 819 1589 meis
843 1547 1086 1589 novissime
1114 1547 1172 1589 ad
1205 1547 1508 1590 Sanctitatem
1528 1549 1628 1590 Vmm
1656 1549 1776 1591 datis
1802 1563 1982 1591 omnem

288 1623 561 1674 apparatum
602 1623 647 1660 et
689 1618 1025 1674 expeditionem
1067 1618 1270 1673 gentium
1311 1633 1515 1661 mearum
1557 1620 1773 1662 adversus
1812 1621 1981 1662 Turcos
1994 1635 2033 1661 15

287 1690 419 1745 plane
449 1689 639 1732 eandem
658 1689 961 1731 Sanctitatem
987 1690 1025 1731 V
1030 1692 1088 1708 ‘³¹¹¹
1121 1689 1345 1744 accepisse
1387 1690 1594 1732 arbitror.
1634 1691 1979 1747 Impraesentia-

286 1775 387 1802 rum
416 1775 523 1803 vero
552 1760 703 1802 felices
731 1759 968 1815 utriusque
997 1760 1221 1802 exercitus
1249 1760 1337 1802 mei
1366 1774 1597 1803 successus
1625 1761 1709 1817 ipsi
1735 1762 1980 1804 Sanctitati

287 1832 376 1873 Vrae
433 1831 646 1886 significo.
684 1831 876 1887 Quippe,
914 1831 1069 1873 divina
1121 1832 1305 1873 favente
1351 1832 1603 1882 clementia,
1650 1837 1753 1888 post
1799 1837 1980 1888 turpem

289 1904 536 1944 Tuscorum
571 1902 856 1957 imperatoris
889 1902 1045 1957 fugam
1079 1902 1134 1944 de
1168 1902 1397 1944 Moldavia
1431 1916 1547 1944 unus
1581 1903 1804 1945 exercitus
1837 1918 1978 1953 meus,

289 1988 422 2028 quem
445 1974 662 2015 adversus
683 1973 831 2028 ipsum
854 1973 1102 2015 Tuscorum
1125 1973 1444 2028 imperatorem
1467 1974 1707 2023 habebam,
1731 1979 1979 2029 antequam
1992 1989 2035 2015 20

288 2044 495 2086 waivoda
527 2044 783 2086 Moldaviae
816 2044 1162 2100 supervenisset,
1198 2044 1403 2086 Bozorad
1436 2044 1690 2086 waivodam
1725 2045 1980 2101 Transalpi-

287 2129 397 2156 num
420 2129 522 2157 cum
545 2115 780 2170 praesidiis
801 2115 1049 2157 Tuscorum
1072 2119 1117 2156 et
1140 2115 1296 2156 multis
1318 2115 1416 2156 aliis
1438 2115 1613 2157 circiter
1634 2116 1788 2157 decem
1810 2120 1855 2158 et
1877 2120 1981 2158 octo

288 2186 411 2227 milia
437 2186 672 2227 hominum
707 2186 1038 2241 expeditorum,
1081 2199 1193 2241 quos
1221 2186 1314 2241 ipse
1342 2186 1549 2228 Bozorad
1575 2190 1672 2228 tam
1701 2187 1755 2228 de
1782 2186 1981 2242 reliquiis

289 2256 428 2310 ipsius
452 2256 750 2311 imperatoris,
778 2271 916 2311 quam
942 2256 1081 2298 etiam
1107 2257 1161 2298 de
1186 2256 1399 2311 Bulgaria
1423 2256 1508 2298 sibi
1533 2257 1770 2306 asciverat,
1796 2257 1978 2307 invasit,

291 2331 335 2368 et
364 2327 522 2382 fugato
550 2328 647 2382 ipso
677 2328 898 2377 Bozorad,
928 2328 1151 2369 exercitus
1179 2341 1286 2369 suus
1315 2328 1427 2369 adeo
1455 2341 1534 2382 per
1562 2342 1713 2370 meum
1742 2328 1868 2370 fusus
1896 2332 2032 2378 est‚25

291 2397 413 2452 quod
433 2398 565 2452 pauci
581 2398 827 2440 admodum
849 2403 1106 2447 evaserunt,
1124 2398 1201 2453 qui
1222 2399 1292 2440 vel
1314 2398 1444 2448 caesi,
1461 2399 1533 2440 vel
1548 2399 1672 2454 capti
1691 2413 1782 2440 non
1797 2399 1978 2441 fuerint.

293 2468 379 2522 Qui
408 2468 591 2522 quidem
621 2469 827 2511 Bozorad
857 2474 960 2525 post
989 2483 1118 2511 suam
1148 2469 1302 2523 fugam
1332 2474 1377 2511 et
1406 2483 1591 2511 suorum
1620 2469 1982 2525 profligationem

294 2538 338 2578 in
373 2540 604 2592 quandam
639 2554 786 2581 arcem
821 2554 964 2589 suam,
1001 2553 1117 2594 quae
1151 2540 1196 2581 in
1231 2554 1368 2594 regno
1402 2540 1477 2582 illo
1511 2545 1555 2582 et
1591 2545 1702 2590 arte,
1737 2545 1782 2582 et
1816 2544 1982 2582 natura

293 2609 509 2651 munitior
532 2614 642 2659 erat,
668 2610 907 2665 ingressus,
932 2610 1143 2659 sentienS,
1170 2611 1292 2665 quod
1316 2610 1542 2666 capitanei
1565 2611 1653 2652 mei
1677 2610 1825 2665 ipsum
1849 2611 1980 2652 vehe-

292 2684 467 2720 menter
495 2679 850 2734 insequerentur,
881 2682 943 2723 nil
974 2681 1064 2723 arci
1093 2681 1155 2722 illi
1184 2681 1341 2731 fidens,
1372 2681 1528 2723 relicto
1558 2681 1603 2722 in
1632 2681 1730 2736 ipsa
1758 2681 1981 2736 praesidio
1993 2695 2033 2722 30

294 2749 546 2791 clanculum
571 2751 628 2792 ab
652 2765 705 2793 ea
728 2752 924 2806 auffugit
940 2757 984 2794 et
999 2751 1209 2794 Turciam
1233 2752 1436 2794 intravit.
1463 2753 1589 2793 Meus
1613 2765 1719 2792 vero
1742 2751 1979 2801 exercitus,

295 2820 371 2873 qui
401 2820 575 2862 circiter
603 2822 839 2876 sexaginta
867 2823 1042 2864 milium
1072 2822 1307 2864 hominum
1336 2827 1447 2871 erat,
1479 2822 1649 2876 absque
1677 2822 1769 2863 ulla
1797 2826 1980 2863 cuncta-

295 2889 417 2931 tione
451 2904 599 2932 arcem
633 2892 777 2947 ipsam
813 2893 1044 2935 obsidione
1079 2893 1220 2934 cinxit
1272 2897 1317 2934 et
1352 2892 1507 2947 paucis
1541 2891 1788 2933 admodum
1823 2891 1981 2934 diebus

295 2973 394 3000 eam
424 2961 637 3010 obtinuit,
669 2962 745 3011 sic,
777 2964 899 3017 quod
928 2964 1167 3019 profligato
1198 2963 1403 3005 Bozorad
1432 2976 1618 3017 regnum
1648 2962 1773 3011 illud,
1805 2976 1860 3003 ex
1891 2976 1981 3017 quo

297 3029 355 3069 ad
389 3030 663 3072 Moldaviam
699 3046 880 3074 securus
914 3035 1069 3076 Turcis
1103 3034 1327 3088 ingressus
1361 3033 1565 3088 patebat,
1602 3032 1691 3073 iam
1727 3032 1785 3074 ad
1819 3047 2032 3074 manusas

296 3112 417 3139 meas
451 3100 647 3150 devenit,
683 3107 726 3143 et
762 3104 962 3157 Dragula
995 3104 1259 3159 capitaneus
1291 3117 1432 3152 meus,
1468 3103 1537 3144 vir
1570 3103 1789 3157 imprimis
1823 3103 1980 3145 Turcis

296 3168 610 3215 infestissimus
635 3176 679 3212 et
705 3173 951 3215 admodum
976 3174 1226 3224 bellicosus,
1253 3174 1308 3215 de
1332 3187 1434 3214 mea
1458 3173 1696 3215 voluntate
1722 3178 1766 3215 et
1793 3173 1979 3229 disposi-
