2209 3643
100 2979 147 3010 28.

173 2979 242 3008 Oct.

257 246 329 280 204
1014 231 1088 264 No.
1115 232 1183 264 162
1633 224 1707 278 [10.
1730 229 1824 263 Dec.
1849 238 1946 273 1529

256 365 380 420 prius
406 364 537 406 nobis
564 363 738 404 illatam
766 361 835 402 bis
864 361 909 402 in
937 374 1018 401 nos
1046 360 1210 415 erupit,
1240 373 1306 409 ea,
1337 373 1454 414 quae
1481 373 1509 401 a
1535 359 1734 401 factione
1757 358 1947 412 Joannis

256 434 505 490 Zapolyani
523 432 789 474 semidiruta
809 436 853 472 et
872 431 1087 473 ambusta
1104 430 1478 485 relinquebantur
1495 430 1677 485 penitus
1694 429 1948 471 incinerans

256 511 300 547 et
341 505 385 546 in
425 503 640 559 praedam
681 506 876 550 vertens,
918 501 1075 544 relicta
1113 500 1253 542 etiam
1292 505 1422 556 parte
1461 500 1685 542 exercitus
1723 500 1794 542 sui
1832 500 1949 542 circa

257 572 553 622 Bistriciam,1
585 574 763 614 minans
795 586 976 627 quoque
1008 586 1054 613 se
1096 576 1261 626 quarto
1288 576 1556 627 erupturum
1596 571 1755 625 hisque
1795 570 1949 626 peiora

257 644 524 687 illaturum.²
551 643 876 698 Transalpinus
911 656 1091 698 quoque
1121 642 1330 684 waivoda
1361 641 1536 697 pridem
1579 641 1639 683 ad
1681 641 1949 683 instantiam
1985 652 2002 678 5

252 716 597 772 Joannistarum
627 714 877 756 exercitum
908 714 1112 755 validurn
1143 717 1301 755 contra
1330 726 1412 754 nos
1442 713 1580 762 misit,
1612 725 1817 761 exurens,
1849 725 1951 767 spo-

256 789 382 835 lians,
412 786 645 828 trucidans
672 789 718 827 et
745 784 831 826 nisi
859 784 1019 826 foedus
1050 784 1190 839 (quod
1215 784 1344 825 salva
1370 783 1458 826 fide
1485 787 1530 825 et
1554 783 1775 825 fidelitate
1794 786 1952 825 nostra

257 873 359 900 curn
388 856 762 898 belliductoribus
791 855 883 897 suis
912 855 1182 910 pepigimus)
1208 854 1540 903 intervenisset,
1563 853 1715 895 omnia
1744 853 1952 896 funditus

256 928 529 984 pessundare
560 927 846 969 moliebatur.
877 927 931 968 In
962 926 1031 967 his
1063 939 1165 980 ergo
1197 930 1294 967 tam
1325 925 1626 967 acerbissimis
1656 924 1802 974 malis,
1836 937 1952 979 quae

253 999 507 1042 Saxonibus
547 999 604 1040 ab
644 1011 696 1039 eo
734 1003 953 1053 tempore,
984 1011 1075 1052 quo
1105 996 1267 1038 Caesar
1297 996 1547 1038 Turcarum
1567 994 1952 1038 Transsilvaniam
1969 1006 2004 1032 10

256 1070 473 1119 vastavit,
498 1083 589 1112 non
613 1074 719 1110 sunt
743 1069 884 1117 illata,
909 1068 1120 1123 quamvis
1142 1067 1312 1122 ubique
1334 1067 1538 1122 ploratus
1560 1066 1755 1108 fratrum
1777 1069 1953 1107 nostro-

256 1156 356 1183 rum
382 1141 428 1182 in
454 1141 634 1183 favillas
661 1140 964 1188 redactorum,
981 1138 1261 1194 parentibus,
1278 1137 1444 1187 liberis,
1474 1137 1705 1186 uxoribus,
1734 1136 1952 1178 fratribus

257 1213 521 1254 orbatorum
548 1211 769 1266 bonisque
796 1210 1007 1252 omnibus
1033 1209 1333 1264 spoliatorum
1361 1209 1590 1257 audiatur,
1618 1213 1775 1249 tamen
1799 1207 1954 1249 hostes

257 1288 436 1325 nostros
465 1283 589 1324 nulla
620 1286 745 1324 tenet
775 1282 978 1323 satietas.
1011 1280 1220 1323 Vaivoda
1250 1279 1370 1321 enim
1399 1279 1724 1334 Transalpinus
1753 1278 1955 1320 minatur

256 1369 301 1396 se
328 1368 430 1396 cum
457 1354 613 1395 Turcis
639 1353 804 1395 iterum
830 1357 989 1395 contra
1003 1365 1084 1393 nos
1099 1349 1411 1406 erupturum.3
1436 1350 1570 1405 Quod
1585 1349 1770 1405 quidem
1786 1362 1842 1391 ne
1857 1349 1952 1398 fiat,
1970 1360 2006 1386 15

259 1425 538 1467 decrevimus
576 1438 729 1466 secum
760 1424 926 1465 habere
971 1427 1238 1471 tractatum,
1272 1422 1533 1477 ignoramus
1564 1425 1720 1462 tamen
1763 1419 1951 1461 exitum.

260 1497 442 1538 Nobiles
465 1509 646 1550 quoque
669 1500 713 1536 et
735 1495 872 1536 Siculi
895 1494 986 1536 iam
1002 1499 1161 1536 contra
1176 1507 1257 1536 nos
1280 1496 1532 1541 armantur,
1557 1491 1706 1533 denuo
1729 1490 1955 1545 conspira-

257 1567 379 1609 tione
408 1567 546 1615 facta,
578 1570 630 1608 ut
662 1579 817 1608 omnes
842 1609 911 1613 „-
943 1565 1144 1607 Saxones
1173 1563 1473 1612 trucidentur,
1504 1576 1650 1617 neque
1680 1561 1955 1604 lactentibus

259 1642 485 1693 parcatur.
531 1637 577 1679 Si
622 1637 759 1692 igitur
805 1650 937 1679 curae
983 1640 1049 1678 est
1093 1636 1237 1678 Sermae
1281 1628 1348 1676 Mti
1380 1635 1472 1676 Vrae
1513 1646 1582 1674 res
1618 1632 1953 1681 Transsilvana,

260 1709 567 1764 supplicamus
598 1708 864 1757 humillime,
898 1707 956 1749 ob
977 1707 1337 1761 redemptionem
1357 1704 1596 1747 salvatoris
1616 1703 1760 1745 nostri
1792 1702 1957 1745 Christi
1970 1713 2007 1740 ‘²0

257 1794 380 1833 ,¹esu,
410 1780 621 1834 dignetur
647 1779 859 1821 Maiestas
885 1779 957 1819 Vra
996 1778 1140 1827 nobis,
1182 1777 1260 1832 qui
1287 1778 1345 1819 ob
1374 1774 1790 1818 constantissimam
1817 1773 1956 1815 fideli-

260 1856 405 1893 tatem
439 1848 552 1892 Sertls
577 1850 666 1890 Vae
693 1850 924 1898 fratribus,
964 1849 1114 1891 liberis
1152 1849 1301 1890 orbati
1338 1847 1557 1900 bonisque
1595 1846 1805 1887 omnibus
1830 1844 1957 1886 exuti

260 1935 429 1971 sumus,
474 1921 751 1976 praesidium
795 1920 999 1963 validum
1044 1920 1226 1961 mittere
1270 1919 1329 1961 ad
1373 1917 1737 1972 componendum
1782 1919 1957 1957 statum

259 1992 622 2035 Transsilvaniae
659 1997 703 2034 et
742 1992 801 2033 ad
849 1992 1117 2034 fidelitatem
1175 1990 1318 2032 Sermae
1366 1981 1448 2030 M‘ss
1495 1989 1535 2030 V
1538 1989 1585 2006 ‘ae
1633 1986 1955 2034 reducendum,

262 2078 351 2118 quo
387 2064 525 2105 etiam
562 2067 817 2105 vastatores
853 2063 987 2104 huius
1022 2061 1185 2103 nobilis
1216 2059 1477 2116 provinciae
1506 2052 1620 2101 Sertis
1642 2059 1733 2100 Vhe
1756 2056 1957 2099 infideles
1970 2066 2007 2093 25

262 2135 523 2189 puniantur.
565 2135 690 2176 Haec
728 2134 848 2176 enim
887 2133 1035 2175 clades
1068 2136 1225 2174 nostra
1250 2136 1295 2174 et
1321 2130 1535 2173 alienatio
1561 2144 1588 2171 a
1613 2130 1685 2171 Vra
1710 2126 1785 2170 Mte
1811 2127 1957 2169 solum

263 2206 320 2247 ob
354 2219 445 2248 non
478 2205 764 2260 punitionem
798 2204 1049 2246 infidelium
1083 2203 1235 2245 evenit
1281 2203 1515 2256 maiorque
1549 2204 1770 2243 eventura
1803 2202 1885 2247 est,
1921 2197 1956 2239 si

262 2277 445 2331 impune
468 2276 642 2318 licuerit
666 2276 777 2317 haec
799 2280 1018 2330 patrasse.
1044 2275 1106 2316 Hi
1128 2287 1236 2315 vero
1259 2273 1430 2315 domini
1452 2272 1689 2314 nobiscum
1712 2269 1958 2312 existentes

263 2347 387 2402 prius
428 2361 520 2388 non
563 2347 825 2402 punientur,
882 2360 1030 2401 neque
1085 2345 1131 2386 in
1188 2348 1424 2386 aeternum
1473 2343 1679 2398 punient,
1724 2354 1789 2389 eo,
1835 2339 1958 2395 quod

264 2431 366 2459 cum
396 2418 503 2472 ipsis
533 2418 789 2459 infidelibus
820 2417 1107 2459 fraternitate
1137 2420 1183 2458 et
1213 2414 1543 2457 necessitudine
1574 2417 1680 2455 sunt
1712 2410 1954 2453 coniuncti.
1974 2420 2010 2446 3⁰

264 2488 482 2543 Quocirca
525 2488 690 2530 iterum
733 2493 872 2543 atque
915 2488 1080 2530 iterum
1124 2501 1275 2528 amore
1320 2485 1485 2528 Christi
1527 2484 1834 2539 supplicamus
1875 2494 1958 2536 pro

265 2559 488 2613 praesidio
529 2559 867 2614 quamprimum
907 2558 1149 2607 mittendo,
1202 2557 1239 2599 si
1289 2555 1627 2598 Transsilvania
1678 2568 1704 2595 a
1742 2553 1815 2594 Vra
1850 2549 1958 2593 Serte

264 2629 444 2683 penitus
466 2643 557 2671 non
581 2629 715 2671 debet
739 2630 937 2671 alienari.
965 2629 1085 2671 Certi
1106 2628 1226 2671 enim
1249 2640 1405 2669 sumus
1424 2625 1615 2680 Joannis
1637 2623 1896 2671 factionem,
1920 2621 1954 2662 si

410 2747 423 2767 1
445 2747 504 2781 De
524 2748 584 2781 his
604 2747 780 2781 Mathias
799 2746 912 2781 Miles
932 2747 1143 2791 sequentia
1163 2745 1323 2780 scribit:
1351 2753 1459 2788 1529.
1482 2743 1596 2776 Eben
1616 2741 1712 2775 umb
1733 2740 1839 2774 diese
1871 2739 1958 2773 Zeit

266 2805 360 2839 fiehl
393 2806 585 2840 Petrasko
606 2807 675 2840 der
694 2806 910 2840 Moldawer
930 2806 1087 2850 XVayda
1107 2805 1148 2839 in
1167 2803 1464 2847 Siebenbsirgen
1485 2801 1567 2835 und
1588 2799 1725 2843 schlug
1740 2799 1811 2832 das
1826 2798 1956 2832 Land—
1971 2808 2008 2834 35

264 2864 368 2897 Volk
399 2865 462 2898 bei
494 2865 744 2909 Matienberg
775 2865 816 2898 in
850 2864 1135 2898 Burtzenland.
1182 2862 1298 2896 Nach
1329 2861 1398 2895 der
1434 2859 1622 2894 Schlacht
1655 2858 1784 2891 ziehet
1815 2867 1857 2890 er
1888 2857 1958 2891 auf

266 2922 427 2956 Tartlen
460 2923 542 2956 und
575 2924 793 2957 verbrennt
825 2934 865 2957 es
897 2933 978 2968 gar.
1012 2923 1102 2956 Von
1128 2923 1288 2956 dannen
1320 2919 1475 2963 schlagt
1508 2928 1549 2951 er
1580 2917 1664 2951 sich
1695 2915 1764 2950 auf
1807 2915 1952 2950 Chron-

266 2980 399 3020 Stadt;
416 2981 625 3026 belagerts,
647 2983 862 3027 bekompts
883 2982 965 3016 und
980 2981 1169 3015 verderbt
1189 2990 1229 3014 es
1249 2989 1319 3023 gar
1337 2989 1404 3012 am
1423 2977 1507 3021 Tag
1519 2975 1689 3010 Simonis
1710 2974 1792 3008 und
1811 2975 1955 3019 Judae.

268 3039 400 3073 Daher
419 3039 554 3074 fiihret
575 3051 615 3074 er
635 3041 719 3074 sein
740 3041 846 3074 Heer
866 3040 935 3074 auf
956 3040 1090 3075 Nosen
1111 3051 1170 3079 zu,
1192 3037 1340 3072 welche
1360 3037 1466 3070 denn
1485 3035 1554 3068 ihn
1575 3033 1753 3078 m'annlig
1772 3034 1827 3067 im
1860 3034 1892 3067 F
1893 3033 1956 3067 eld

270 3098 535 3132 unversehens
554 3098 764 3143 angriffen‚
800 3099 840 3132 in
873 3099 937 3132 die
958 3099 1103 3132 Flucht
1123 3096 1323 3141 schlugen,
1348 3094 1430 3129 und
1463 3095 1583 3138 gantz
1615 3102 1687 3127 aus
1719 3092 1811 3126 dem
1842 3092 1955 3126 Land
1971 3104 2007 3130 40

268 3155 416 3200 jagten.
442 3156 824 3201 (Siebenburgischer
843 3156 1112 3202 Wurg-Engel
1131 3166 1221 3201 pag.
1244 3155 1319 3197 21.)

404 3213 417 3234 2
451 3215 499 3247 In
530 3215 732 3259 originali:
766 3215 959 3250 illaturus.
1123 3215 1137 3235 ³
1161 3214 1400 3258 ErupturuS.
