2209 3643
165 202 208 238 -7.
245 191 346 237 Aug.
386 185 509 240 1481.]
951 190 1026 225 No.
1049 201 1095 235 34
1819 200 1868 235 37

978 353 1050 396 34.

689 463 833 513 Euda,
867 476 904 517 7.
941 463 1132 519 Augusti
1162 465 1288 518 1481.

373 554 556 593 Mathias
587 566 659 593 rex
690 554 932 604 Hungariae
960 554 1081 593 Sixto
1112 555 1183 594 IV.
1218 554 1413 594 Pontifici
1445 555 1649 594 Romano.

311 652 408 694 Etsi
425 652 640 694 laboribus
669 652 764 694 belli
795 653 1032 695 Bosnensis
1062 654 1134 695 vix
1166 667 1208 694 se
1241 654 1442 706 rejecerit,
1470 653 1640 695 monitu
1657 654 1751 695 eius
1767 658 1864 709 per-

127 741 150 766 :2
167 723 320 764 ductus
359 723 630 779 Stephanum
647 724 874 765 vaivodam
903 724 1155 766 Moldaviae
1174 725 1220 766 in
1255 724 1513 766 Valaclziam
1541 725 1675 774 misit,
1693 725 1769 780 qui
1800 725 1863 766 ibi

165 794 392 836 vaz'vodam
429 809 455 836 a
483 795 638 836 Turcis
664 795 921 850 impositmn
946 795 993 837 in
1017 796 1167 850 jugam
1190 796 1317 837 dedit.

313 900 562 943 Redditum
590 905 658 943 est
685 900 796 943 mihi
823 902 969 943 Breve
993 900 1261 943 Sanctitatis
1280 902 1319 942 V
1323 902 1378 924 me*
1413 914 1504 956 quo
1536 901 1750 943 hortatur
1769 914 1855 951 me,

165 975 217 1013 ut
248 972 332 1013 sub
361 972 447 1013 hac
476 972 837 1027 opportunitate,
871 986 963 1027 qua
982 973 1053 1013 Vsa
1071 972 1302 1014 Sanctitas
1331 971 1518 1014 classem
1548 985 1640 1014 non
1670 986 1861 1028 parvam

166 1042 383 1084 adversus
419 1043 707 1098 impiissimos
743 1044 912 1085 Turcos
932 1043 1163 1093 instruxit,
1186 1042 1280 1098 ipse
1316 1056 1498 1098 quoque
1534 1056 1625 1085 non
1661 1048 1861 1099 praeter-

105 1130 146 1157 ·10
164 1113 393 1155 mitterem
434 1119 692 1157 terrestrem
733 1114 1068 1170 expeditionem
1109 1114 1326 1156 adversus
1365 1113 1486 1169 ipsos
1525 1115 1694 1156 Turcos
1733 1114 1861 1156 insti-

163 1188 303 1226 tuere.
344 1184 416 1226 Ad
454 1185 577 1239 quod
613 1185 858 1228 Sanctitati
901 1187 988 1227 Vm
1022 1185 1298 1241 respondeo:
1340 1198 1575 1241 nunquam
1614 1199 1687 1227 me
1725 1185 1861 1227 fuisse

162 1255 369 1311 tepidum
406 1269 553 1311 neque
574 1256 875 1311 negligentem
897 1257 956 1298 ad
977 1270 1043 1305 ea,
1066 1270 1182 1311 quae
1203 1269 1406 1311 unquam
1428 1256 1574 1298 facere
1595 1256 1653 1298 ab
1674 1255 1860 1298 ineunte

160 1330 316 1368 aetate
339 1326 469 1381 potui
494 1341 575 1382 pro
600 1327 816 1382 obsequio
838 1328 1032 1370 Sanctae
1053 1327 1179 1370 Sedis
1203 1327 1492 1383 Apostolicae
1516 1331 1562 1369 et
1587 1327 1859 1382 reipublicae

162 1398 435 1440 christianae
465 1399 704 1440 commodo
735 1404 780 1440 et
811 1399 1101 1440 incremento.
1152 1399 1308 1453 Nuper
1337 1398 1471 1447 enim,
1504 1402 1692 1453 accepto
1722 1398 1858 1440 Brevi

103 1489 142 1516 15
158 1468 427 1510 Sanctitatis
440 1469 539 1510 Vm,
563 1469 728 1523 quibus
742 1484 814 1511 me
830 1469 1035 1511 similiter
1049 1469 1107 1511 ad
1121 1470 1486 1524 prosequendum
1502 1469 1608 1512 fidei
1623 1469 1856 1524 negotium

160 1540 447 1589 hortabatur,
480 1539 583 1582 licet
617 1540 837 1595 fatigatus
868 1540 1037 1582 recenti
1068 1541 1356 1596 expeditione
1387 1541 1433 1582 in
1465 1541 1622 1582 Bozna
1652 1540 1856 1583 nondum

159 1611 303 1666 quieti
354 1611 644 1660 indulseram,
693 1613 985 1654 hortamenta
1038 1615 1193 1653 tamen
1239 1613 1327 1653 Vm
1377 1611 1646 1654 Sanctitatis
1697 1612 1857 1654 nolens

157 1682 296 1724 surda
327 1696 434 1724 aure
465 1682 751 1737 pertransire,
784 1683 863 1724 sed
895 1682 1046 1737 potius
1077 1683 1262 1725 monitis
1293 1682 1401 1732 eius,
1434 1688 1658 1738 tanquam
1691 1683 1856 1725 Christi

158 1753 328 1803 vicarii,
368 1757 421 1795 ut
461 1758 630 1803 teneor,
672 1767 847 1809 semper
886 1753 1080 1803 obedire,
1122 1754 1206 1795 feci
1245 1754 1466 1809 protinus,
1507 1757 1558 1795 ut
1596 1754 1855 1809 Stephanus

94 1845 139 1871 20
157 1824 366 1866 waivoda
384 1825 639 1874 Moldavus‚
661 1825 739 1880 qui
758 1825 869 1866 mihi
889 1829 933 1866 et
954 1838 1144 1866 coronae
1164 1838 1290 1866 meae
1310 1825 1541 1866 subiectus
1560 1829 1643 1874 est,
1666 1825 1854 1867 collecto

158 1895 330 1951 ingenti
353 1900 594 1951 apparatu,
620 1896 848 1937 adiunctis
872 1895 1010 1937 etiarn
1034 1895 1119 1936 sibi
1141 1895 1346 1937 finitimis
1370 1895 1619 1951 capitaneis
1642 1900 1687 1937 et
1711 1896 1854 1950 genti-

156 1967 242 2008 bus
273 1966 398 2016 meis‚
431 1980 574 2021 usque
606 1966 651 2008 in
683 1967 856 2009 viscera
886 1965 1068 2007 maioris
1098 1965 1355 2015 Volachiae,
1401 1967 1486 2008 hoc
1524 1971 1592 2008 est
1624 1966 1670 2007 in
1702 1972 1856 2022 partes

155 2036 478 2092 Transalpinas
511 2041 769 2092 penetraret
819 2037 1105 2091 eundemque
1136 2037 1406 2086 waivodam,
1441 2051 1577 2092 quern
1611 2037 1855 2080 novissime

155 2108 290 2150 Turei
313 2107 360 2151 in
384 2107 430 2150 id
464 2122 653 2163 regnum
702 2108 994 2157 intruserant,
1032 2108 1305 2164 expelleret;
1343 2109 1467 2163 quod
1503 2113 1548 2150 et
1573 2108 1694 2158 fecit,
1720 2113 1855 2163 parta

93 2200 135 2226 25
156 2178 329 2234 ingenti
347 2179 553 2229 victoria,
573 2193 665 2221 non
684 2179 778 2221 sine
797 2193 964 2234 magna
982 2184 1028 2221 et
1047 2179 1219 2235 ingenti
1237 2179 1371 2221 laude
1389 2179 1584 2221 nominis
1604 2179 1851 2222 christiani.

156 2251 276 2292 Nam
294 2250 374 2292 ubi
392 2249 438 2292 in
457 2255 610 2306 partes
629 2251 728 2292 illas
746 2250 1067 2306 Transalpinas
1087 2265 1189 2292 cum
1209 2250 1411 2292 exercitu
1430 2251 1609 2305 potenti
1627 2251 1850 2305 pervenit,

154 2321 233 2376 qui
258 2320 345 2363 alio
369 2321 551 2364 nomine
578 2322 823 2377 Cypellews
851 2321 1120 2377 appellatur,
1152 2320 1339 2363 collecta
1360 2321 1532 2376 ingenti
1556 2321 1853 2364 multitudine

154 2392 473 2434 Walachorum
493 2397 538 2434 et
558 2394 822 2443 Tuscorum,
844 2393 923 2448 qui
941 2406 1044 2434 eum
1066 2392 1111 2434 in
1131 2392 1229 2447 ipsa
1248 2392 1482 2447 provincia
1501 2393 1850 2443 conservabant,

154 2463 360 2518 praefato
407 2463 642 2506 waivodae
689 2464 902 2506 Moldavo
951 2463 1134 2505 obviam
1183 2463 1345 2513 factus,
1407 2463 1648 2505 commissa
1707 2464 1851 2506 atroci

93 2557 134 2583 30
153 2547 307 2588 pugna
325 2534 594 2590 profligatus
613 2540 697 2585 est;
731 2540 776 2577 et
797 2534 942 2577 omnis
962 2534 1037 2575 illa
1055 2533 1304 2576 multitudo
1323 2534 1537 2583 hostium,
1560 2548 1677 2590 quae
1695 2539 1851 2590 partes

153 2603 251 2646 illas
281 2605 339 2647 ab
369 2605 629 2648 obedientia
656 2620 758 2648 mea
787 2611 833 2648 et
863 2605 1080 2647 societate
1109 2605 1342 2647 christiani
1371 2606 1527 2660 populi
1557 2605 1768 2648 divellere
1798 2619 1850 2647 ac
1902 2608 1905 2613 ’

150 2675 308 2717 Turcis
328 2676 597 2731 coniungere
617 2677 898 2726 nitebantur,
921 2678 1018 2718 Deo
1038 2676 1100 2717 sic
1121 2677 1319 2726 volente,
1339 2676 1386 2717 in
1406 2677 1565 2719 eodem
1585 2677 1684 2719 loco
1705 2680 1849 2719 certa-

149 2745 285 2788 minis
318 2747 558 2802 profligata
590 2750 697 2797 est,l
719 2748 887 2803 paucis,
923 2752 975 2789 ut
1010 2747 1165 2796 fertur,
1195 2747 1516 2802 superstitibus
1549 2762 1604 2789 ex
1638 2751 1740 2790 tota
1773 2747 1849 2790 illa

151 2817 446 2860 multitudine
486 2819 857 2868 remanentibus;
901 2818 1109 2860 waivoda
1150 2817 1221 2859 ille
1263 2818 1410 2860 socius
1451 2819 1701 2860 Turcorum
1744 2833 1847 2860 curn

91 2910 135 2937 :35
151 2887 297 2930 tribus
332 2888 560 2931 duntaxat
596 2889 797 2944 personis
832 2889 910 2931 vix
944 2889 1138 2930 evasisse
1173 2888 1350 2931 dicitur.
1389 2889 1512 2930 Missi
1546 2893 1654 2932 sunt
1691 2894 1848 2932 tamen

149 2962 253 3012 post
288 2973 391 3000 eum
425 2960 668 3016 plusquam
702 2960 823 3002 mille
857 2961 1045 3015 equites,
1082 2958 1159 3014 qui
1193 2959 1319 3001 illum
1354 2960 1602 3015 fugientem
1637 2960 1843 3009 insecuti,

149 3029 260 3070 dum
281 3030 393 3072 haec
414 3044 536 3073 nova
556 3031 616 3073 ad
636 3046 709 3073 me
730 3031 1036 3080 mitterentur,
1059 3031 1264 3072 nondum
1297 3031 1539 3073 redierant.
1563 3031 1716 3073 Allata
1737 3036 1846 3074 sunt

290 3181 302 3202 ¹
339 3182 464 3217 Penes
499 3185 659 3218 Rimnic
683 3183 799 3219 Sarat
831 3185 865 3219 8.
897 3184 993 3229 Julii
1024 3185 1133 3229 1481.
