2209 3643
192 190 250 225 24.
275 180 388 214 Febr.
414 175 525 229 1527]
955 180 1029 215 No.
1055 192 1126 227 107
1818 193 1887 227 145

333 310 599 365 Spectabilis
632 311 867 365 Magnifice
900 311 1068 353 sincere
1100 312 1275 354 dilecte.
1310 312 1512 354 Salutem
1545 317 1589 354 et
1622 318 1888 368 promptum

190 382 476 438 gratificandi
502 381 756 423 affectum.¹

338 453 662 502 Intelleximus,
694 452 817 507 quod
846 466 995 494 comes
1023 453 1240 509 Georgius
1268 454 1323 495 de
1352 455 1550 509 Zapolia,
1582 454 1659 509 qui
1688 455 1814 510 prius
1843 455 1887 496 in

190 524 422 566 Moldavia
458 523 683 579 wayvoda
720 524 905 572 fuerat,2
944 538 1087 579 nuper
1124 530 1317 567 mortem
1357 526 1469 567 obiit
1509 526 1720 580 diemque
1758 540 1887 568 suam

159 595 351 637 selausit
388 599 654 644 extremam,
692 598 737 636 et
774 594 818 635 in
867 595 1014 636 locum
1062 596 1202 650 ipsius
1236 597 1336 638 Vs³¹¹¹¹
1374 597 1759 651 Magnificentiam
1807 611 1890 652 pro

189 666 413 722 wayvoda
441 665 698 707 Moldaviae
724 665 989 720 elegerunt.³
1021 667 1079 708 Et
1108 682 1211 708 cum
1238 667 1357 708 enim
1383 681 1559 723 semper
1578 682 1773 723 pronum
1801 668 1888 709 sin-

189 751 340 780 cerum
369 741 414 779 et
444 736 669 791 integrum
700 750 804 791 erga
832 750 915 778 nos
943 737 1145 779 animum
1175 738 1311 779 libere
1339 752 1391 780 ac
1420 739 1675 793 benigniter
1703 739 1887 788 tulistis,

189 809 306 850 illius
331 808 454 863 apud
479 821 562 849 nos
588 808 708 849 fame
734 812 874 862 atque
899 808 997 863 ipsa
1029 809 1309 863 experientia
1345 810 1579 865 hucusque
1616 810 1887 859 constitisse,

188 894 243 922 ex
269 881 354 921 hoc
381 892 463 934 pro
488 879 688 934 gratioso
714 879 1000 934 beneplacito
1026 880 1331 935 singularique
1357 880 1523 935 gaudio
1549 886 1703 923 vestra
1729 881 1889 922 electio

134 966 169 992 10
188 950 320 993 nobis
349 950 491 992 venit.
525 950 638 991 Inde
666 963 748 991 nos
777 963 911 991 omne
939 951 1110 992 bonum
1140 965 1244 992 cum
1274 965 1453 992 summa
1492 952 1659 993 fiducia
1700 952 1744 993 in
1786 953 1886 993 V¹²²¹¹¹

187 1021 573 1076 Magnificentiam
597 1021 753 1076 procul
777 1020 899 1062 omni
923 1022 1064 1063 dubio
1086 1022 1288 1064 locamus
1311 1026 1355 1064 et
1380 1022 1591 1077 ponimus
1615 1023 1724 1078 quin
1748 1023 1887 1064 etiam

187 1094 259 1135 Vra
306 1092 646 1147 Magnificentia
679 1106 784 1146 erga
817 1105 900 1134 nos
934 1106 1014 1147 per
1047 1106 1141 1134 sese
1175 1093 1446 1135 benevolum
1481 1094 1713 1135 exhibebit
1748 1099 1888 1148 atque

188 1163 412 1213 ostendet,
448 1168 493 1205 et
529 1177 632 1205 curn
667 1163 725 1204 ad
759 1177 841 1204 nos
875 1178 927 1205 ac
961 1163 1299 1206 dilectissimam
1327 1165 1636 1206 conthoralem
1664 1165 1886 1206 nostram4

187 1248 375 1289 regnum
407 1234 669 1289 Hungariae
698 1248 753 1275 ex
784 1234 983 1276 naturali
1013 1239 1058 1276 et
1089 1235 1290 1289 legitimo
1320 1235 1415 1276 iure
1444 1235 1717 1277 hereditario
1747 1236 1886 1277 etiam

134 1320 171 1346 15
187 1320 267 1361 per
296 1310 558 1347 contractus
587 1309 631 1346 et
662 1305 925 1347 concordias
953 1305 1071 1347 inter
1090 1319 1277 1360 regnum
1300 1306 1561 1360 Hungariae
1591 1311 1635 1348 et
1665 1306 1886 1362 inclytam

189 1378 376 1419 domurn
400 1376 612 1417 Austriae
637 1376 773 1417 initas
798 1377 944 1418 factas
968 1381 1013 1417 et
1038 1377 1275 1418 roboratas
1300 1377 1623 1432 conclusasque
1647 1378 1853 1432 pervenit
1876 1392 1885 1428 ;

190 1448 248 1490 ad
274 1448 359 1489 hoc
385 1447 477 1488 Vrae
505 1446 870 1501 Magnificentiae
896 1461 951 1489 ex
983 1447 1212 1502 singulari,
1253 1462 1392 1503 quarn
1430 1462 1536 1503 erga
1572 1449 1674 1490 Vram
1714 1449 1887 1503 Magni-

188 1518 420 1561 ficentiam
455 1518 676 1559 habemus
721 1518 888 1559 fiducia
922 1518 1176 1560 indicamus
1210 1524 1254 1560 et
1290 1519 1571 1574 exponimus,
1608 1519 1732 1574 quod
1765 1534 1887 1575 way-

190 1590 311 1632 voda
334 1588 798 1644 Transsylvaniensis⁵
823 1589 868 1630 in
893 1589 977 1631 hoc
1001 1602 1188 1643 regnum
1214 1590 1475 1644 Hungariae
1499 1595 1659 1632 contra
1682 1590 1885 1632 omnium

134 1675 243 1703 eoae
278 1660 573 1715 singularium
610 1664 944 1710 contractuum,
982 1660 1338 1710 concordiarum,
1375 1665 1670 1711 statutorum,
1708 1661 1886 1716 privile-

189 1732 378 1787 giorum,
417 1731 798 1774 consuetudinum
836 1731 934 1772 iura
969 1745 1072 1772 cum
1110 1744 1288 1773 summa
1325 1732 1487 1773 iniuria
1523 1745 1618 1773 sese
1654 1736 1699 1774 et
1737 1733 1887 1774 adhuc

189 1808 555 1858 perseverantem
589 1802 771 1844 intrusit
807 1807 851 1843 et
886 1801 922 1842 is
955 1801 1058 1843 inde
1091 1816 1278 1856 regnum
1313 1803 1573 1857 Hungariae
1607 1803 1652 1844 in
1685 1804 1886 1845 maxima

189 1874 388 1929 pericula
409 1878 455 1915 et
478 1872 756 1915 detrimenta
779 1872 918 1921 ducit,
944 1887 995 1914 ac
1018 1886 1097 1927 per
1120 1873 1267 1927 ipsum
1290 1873 1352 1914 illi
1375 1878 1623 1928 emergunt.
1649 1874 1885 1916 Voluimus

189 1950 430 2000 propterea
454 1945 540 1986 hoc
566 1957 700 1993 anno,
740 1943 864 1999 quod
902 1943 1161 1998 praedictus
1192 1944 1417 1999 wayvoda
1442 1945 1886 2000 Transsylvaniensis

136 2029 174 2055 25
189 2030 282 2058 una
330 2029 433 2058 cum
479 2016 552 2057 Vra
600 2015 938 2069 Magnificentia
984 2014 1208 2069 practicas
1254 2019 1298 2056 et
1346 2015 1608 2057 concordias
1666 2016 1888 2057 ineundas

191 2087 336 2128 facere
355 2101 407 2128 ac
426 2087 526 2128 Vram
562 2085 945 2141 Magnificentiam
968 2099 1069 2127 cum
1090 2099 1172 2127 suo
1191 2086 1312 2127 malo
1343 2090 1388 2127 et
1421 2086 1635 2128 iniurioso
1654 2087 1887 2142 proposito

191 2162 330 2212 atque
359 2171 441 2199 sua
470 2156 648 2199 actione
678 2157 737 2198 ad
766 2170 895 2198 suam
925 2161 1102 2211 partem
1133 2156 1308 2197 allicere
1337 2162 1613 2211 praesumat,
1645 2158 1724 2199 sed
1753 2157 1887 2199 huius

190 2228 253 2270 rei
274 2242 330 2270 ex
351 2227 605 2270 rationibus
626 2227 830 2282 superius
852 2241 931 2282 per
952 2241 1032 2268 nos
1054 2227 1272 2281 allegatis,
1297 2227 1420 2282 quod
1446 2228 1517 2269 Vsa
1550 2228 1888 2283 Magnificentia

190 2299 253 2340 illi
275 2313 331 2341 ne
354 2299 598 2354 quicquam
623 2298 839 2340 assentiet
864 2298 1141 2351 favebitque,
1167 2298 1300 2352 plane
1323 2298 1591 2340 confidimus
1613 2313 1621 2349 ;
1646 2304 1887 2354 propterea

136 2382 173 2409 30
190 2383 272 2411 nos
300 2370 401 2411 Vram
431 2369 815 2424 Magnificentiam
845 2368 976 2410 enixe
1015 2381 1226 2422 rogamus
1267 2373 1311 2410 et
1354 2369 1603 2419 hortamur,
1648 2370 1771 2424 quod
1812 2371 1883 2412 Vm

190 2440 529 2496 Magnificentia
570 2454 662 2481 una
686 2454 789 2482 cum
820 2439 1167 2495 praenominato
1201 2439 1425 2494 wayvoda
1465 2440 1886 2496 Transsylvaniensi

190 2511 362 2553 nullam
395 2525 579 2552 causam
611 2511 862 2566 practicum
902 2523 979 2551 seu
1014 2510 1332 2564 quodcumque
1371 2511 1617 2565 negotium,
1649 2512 1772 2566 quod
1808 2512 1886 2553 ad-

191 2595 347 2624 versus
360 2596 441 2623 nos
458 2586 729 2636 nostraeque
744 2581 1020 2623 conthoralis
1035 2580 1373 2622 amantissimae
1388 2581 1603 2636 regnique
1624 2582 1887 2637 Hungariae

191 2657 322 2702 esset,
346 2652 569 2707 suscipere
590 2652 715 2702 velit,
738 2652 816 2693 sed
837 2652 990 2706 potius
1011 2652 1082 2692 Vra
1104 2651 1442 2705 Magnificentia
1474 2666 1569 2694 sese
1596 2653 1654 2694 ab
1676 2653 1886 2695 omnibus

135 2736 174 2762 35
191 2724 282 2765 suis
301 2723 512 2778 practicis
532 2723 764 2764 abdicabit
785 2727 924 2777 atque
944 2722 1140 2763 alienum
1161 2722 1396 2776 praebebit
1417 2727 1462 2764 et
1477 2724 1642 2765 nostris
1662 2724 1883 2778 partibus,

191 2799 235 2835 et
261 2794 404 2843 nobis,
431 2794 499 2835 uti
519 2794 718 2835 naturali
738 2798 782 2835 et
802 2794 945 2834 electo
960 2792 1222 2846 Hungariae
1247 2793 1337 2847 regi
1361 2793 1641 2843 adhaerebit,
1668 2794 1883 2849 quemad-

190 2865 377 2906 modum
392 2864 508 2906 iHius
521 2878 761 2919 generosae
775 2864 978 2911 fiduciae,
991 2876 1129 2917 quam
1139 2863 1183 2903 in
1192 2863 1574 2917 Magnificentiam
1583 2865 1682 2906 Vram
1697 2865 1887 2906 firmiter

328 2981 341 3001 ¹
361 2981 589 3016 Secundum
609 2984 849 3026 conceptum
870 2980 1041 3013 sonabat
1060 2990 1066 3013 :
1088 2979 1278 3021 Salutem,
1301 2980 1623 3015 benevolentiam
1644 2992 1690 3014 ac
1710 2981 1882 3025 gratiam

190 3042 369 3073 nostram
393 3039 541 3083 regiam
566 3043 605 3074 et
628 3050 746 3073 omne
769 3040 931 3073 bonum.
1039 3035 1054 3058 '2
1078 3039 1165 3071 Hoc
1189 3049 1268 3072 non
1292 3042 1352 3072 est
1375 3049 1515 3075 verum
1539 3043 1578 3073 et
1602 3039 1798 3073 credibile.

135 3099 174 3125 40
197 3098 211 3119 ³
233 3098 326 3132 Fuit
341 3099 490 3132 electus
511 3099 642 3133 medio
663 3098 809 3132 mensis
828 3097 1021 3143 Januarii,
1045 3100 1137 3141 post
1158 3100 1328 3131 mortem
1349 3099 1476 3143 patris
1497 3099 1569 3138 sui,
1591 3098 1785 3143 Stephani
1808 3099 1877 3131 JV.

194 3157 208 3177 ¹¹
242 3157 355 3190 Anna
384 3157 530 3201 regina.
637 3158 651 3178 ⁵
676 3158 852 3202 Joannes
878 3155 1100 3200 Szapolyai.
1219 3157 1233 3178 ὃ
1255 3157 1417 3191 Carolus
1440 3158 1486 3191 V.

262 3244 365 3270 Fontes
386 3245 491 3270 Rerum
512 3245 785 3278 Transylvanicarum
807 3244 861 3271 IV.
1131 3239 1136 3243 ”
1699 3245 1740 3269 10
