2209 3643
249 219 319 254 170
1012 204 1088 239 No.
1112 205 1184 239 128
1653 199 1702 254 [Ι.
1726 204 1822 240 Maii
1844 206 1940 251 1528

245 337 453 386 Arabico,
492 337 658 378 alteras
694 348 801 377 vero
838 334 999 376 Italico
1035 347 1241 375 sermone
1276 333 1482 389 scriptas,
1521 347 1634 388 quas
1669 333 1741 375 hic
1776 334 1836 376 ad
1870 348 1942 376 me

246 409 507 463 obsignatas
532 406 680 448 adhuc
707 404 883 447 Iwasko
907 405 1132 446 Armenus
1157 404 1390 447 attulerat.
1420 404 1606 446 Illarum
1629 418 1736 446 vero
1762 404 1941 446 Italica-

245 494 345 521 rum
389 477 535 532 excipi
579 475 690 518 iussi
734 475 1007 530 exemplum,
1055 475 1178 530 quod
1221 489 1342 517 nunc
1374 469 1442 517 Mti
1485 476 1575 517 Vrae
1616 475 1759 517 Sermae
1790 475 1939 518 mitto.

248 551 300 592 In
330 563 432 604 quo,
456 547 563 603 quia
591 551 697 589 sunt
727 546 953 602 quaedam
982 546 1171 588 obscure
1200 546 1364 602 posita,
1386 546 1652 602 praesertim
1680 546 1736 588 de
1764 550 1941 589 oratore

242 614 358 662 Sermi
405 619 519 674 regis
563 618 769 672 Joannis,
820 621 871 659 ut
921 631 947 659 a
995 615 1071 659 Mte
1106 618 1179 660 Vra
1224 617 1351 660 Serma
1397 617 1574 659 facilius
1615 617 1938 672 intelligantur,
1977 631 1994 657 5

246 689 436 732 describi
485 703 666 744 quoque
716 689 800 730 feci
849 688 1220 744 interrogatorias
1270 689 1492 744 quasdam
1542 688 1777 738 clausulas,
1828 702 1942 744 quas

247 761 422 803 Iwasko
452 761 507 802 de
536 760 673 802 variis
701 760 835 802 rebus
865 759 923 801 ab
954 760 1189 814 Imbraym
1217 760 1352 802 bassa
1380 764 1425 802 et
1454 759 1659 815 palatino
1687 759 1942 802 Moldaviae

245 831 491 887 quaesitus,
515 845 571 873 ex
594 830 750 873 ordine
771 831 819 872 in
840 830 1136 886 pugillaribus
1159 835 1431 873 connotatas
1452 830 1524 872 hic
1547 831 1669 886 apud
1690 845 1762 872 me
1784 830 1942 873 recita-

245 904 327 953 vit,
357 916 522 958 easque
550 902 692 944 etiam
731 902 821 943 Vrae
860 895 927 943 Mti
965 902 1108 944 Sermae
1150 902 1286 944 mitto
1327 916 1430 944 cum
1471 902 1783 957 praesentibus
1804 915 1813 952 ;
1855 906 1940 944 etc.

683 1009 802 1054 (Acta
829 1009 1062 1044 Tomiciana
1090 1009 1170 1043 vol.
1201 1009 1252 1043 X.
1283 1020 1372 1055 pag.
1405 1009 1507 1053 219.)
1957 1021 1991 1047 10

1043 1184 1142 1226 128.

729 1307 1018 1356 Bodzcmczin,
1048 1308 1117 1360 [Ι.
1149 1306 1272 1348 Maii
1300 1307 1457 1360 1528]

246 1400 396 1438 Petrus
423 1398 613 1438 Tomicki
646 1398 880 1450 episcopus,
928 1398 1295 1437 vicecancellarius
1331 1398 1490 1449 Joanni
1531 1397 1768 1449 Chojenski,
1811 1396 1943 1436 archi-

370 1459 547 1497 diacono
568 1458 846 1504 Cmcoviensi,
869 1457 1111 1509 praeposito
1132 1457 1422 1503 Posnaniensi,
1444 1457 1668 1496 secretario
1687 1456 1810 1508 regio.

389 1571 453 1611 De
478 1569 748 1624 expeditione
772 1569 930 1624 negotii
951 1569 1073 1611 Petri
1100 1569 1236 1620 Rares
1271 1569 1475 1611 vaivodae
1498 1569 1556 1610 M
1557 1568 1762 1610 oldaviae.
1958 1590 1993 1616 15

391 1689 502 1730 Cum
532 1692 740 1742 ageretur
768 1687 813 1728 in
842 1692 1014 1729 secreto
1043 1687 1228 1729 consilio
1257 1687 1302 1728 in
1331 1687 1419 1728 fine
1447 1690 1698 1728 conventus
1726 1686 1944 1741 generalis

245 1759 368 1813 regni
394 1759 629 1814 praeteriti
654 1758 710 1800 de
735 1758 1024 1800 absolvendis
1049 1758 1304 1800 oratoribus
1329 1763 1374 1799 et
1400 1757 1498 1799 aliis
1522 1757 1713 1812 publicis
1737 1757 1942 1812 negotiis,

246 1844 326 1884 ego
360 1830 702 1871 nominaveram
737 1829 795 1871 ad
828 1834 1106 1872 conventum
1139 1828 1434 1870 Valachicum
1468 1828 1703 1870 dominum
1738 1827 1942 1883 Crupski,

247 1901 543 1943 castellanum
566 1901 904 1955 Leopoliensem
917 1901 949 1951 ;1
966 1900 1073 1955 quia
1094 1914 1201 1942 vero
1223 1900 1569 1941 intercesserant
1592 1903 1751 1954 postea
1772 1899 1945 1941 multae

246 1973 448 2014 actiones
478 1977 522 2014 et
549 1986 696 2022 curae,
720 1971 884 2026 quibus
915 1985 1037 2013 eram
1068 1985 1159 2013 non
1189 1971 1349 2012 leviter
1379 1970 1626 2020 districtus,
1658 1984 1765 2012 nam
1796 1970 1841 2011 in
1872 1983 1944 2011 me
1957 1979 1994 2007 20

246 2043 392 2084 solum
431 2043 577 2084 omnis
614 2043 755 2084 moles
792 2042 1077 2097 publicarum
1116 2041 1459 2096 expeditionum
1497 2045 1594 2082 erat
1632 2040 1814 2089 reiecta,
1853 2054 1945 2082 non

246 2113 375 2168 potui
404 2114 589 2155 celerius
618 2113 869 2168 significare
898 2113 944 2154 id
972 2113 1118 2154 eidem
1147 2112 1332 2153 domino
1361 2111 1566 2167 Crupski,
1596 2125 1735 2167 quam
1763 2125 1843 2166 per
1870 2124 1945 2153 eos

247 2184 557 2233 cubicularios,
589 2184 667 2239 qui
696 2184 820 2225 missi
849 2188 978 2225 erant
1009 2183 1068 2224 ad
1097 2196 1252 2225 omnes
1281 2183 1564 2237 palatinatus
1592 2187 1637 2224 et
1668 2186 1811 2224 terras
1840 2195 1944 2224 cum

245 2255 408 2297 litteris
456 2255 788 2297 universalibus
837 2259 883 2296 et
933 2254 1125 2296 decretis
1173 2253 1393 2309 generalis
1443 2258 1695 2296 conventus
1743 2253 1945 2308 scireque

246 2326 466 2367 hactenus
492 2340 583 2367 non
611 2326 756 2375 valeo,
797 2339 856 2367 an
894 2325 1073 2367 litterae
1100 2320 1181 2367 M‘3S
1210 2324 1392 2379 Regiae,
1421 2325 1587 2380 quibus
1612 2323 1857 2366 iubebatur
1882 2323 1944 2365 ire
1957 2334 1993 2361 25

248 2396 306 2437 ad
341 2401 618 2438 conventum
653 2396 949 2438 Valachicum
970 2396 1271 2451 praedictum,
1308 2395 1476 2437 fuerint
1511 2395 1575 2436 illi
1608 2399 1813 2449 tempore
1846 2394 1943 2436 red-

247 2467 384 2516 ditae,
406 2481 488 2509 nec
508 2482 577 2509 ne.
601 2468 864 2522 Utcumque
885 2472 1040 2508 autem
1062 2471 1130 2509 est
1152 2468 1342 2515 factum,
1365 2480 1507 2521 quum
1528 2465 1753 2508 voievoda
1772 2465 1943 2506 Molda—

247 2538 413 2579 viensis
442 2551 532 2579 non
563 2538 705 2593 possit
735 2542 938 2580 statuere
967 2538 1110 2592 legem
1153 2532 1219 2579 Mti
1251 2537 1434 2592 Regiae,
1465 2541 1517 2578 ut
1547 2536 1623 2577 illa
1651 2536 1854 2577 mitteret
1884 2535 1943 2576 ad

247 2613 497 2650 conventus
521 2622 596 2650 eos
620 2609 910 2657 consiliarios,
937 2622 1051 2663 quos
1074 2609 1147 2650 ille
1170 2609 1322 2657 vellet,
1348 2608 1492 2649 facilis
1515 2620 1609 2648 esse
1633 2610 1785 2662 potest
1809 2605 1942 2647 huius

247 2679 309 2719 rei
341 2680 587 2728 excusatio,
621 2679 886 2734 praesertim
919 2693 1023 2721 cum
1055 2693 1146 2721 non
1178 2679 1263 2721 hac
1296 2692 1432 2720 causa
1464 2677 1721 2720 dissuerunt
1753 2675 1993 2717 Valachi30

248 2754 523 2790 conventum
558 2764 639 2804 pro
673 2750 1037 2792 administranda
1070 2750 1284 2804 utrinque
1318 2748 1493 2790 iustitia
1527 2747 1828 2801 designatum,
1862 2745 1941 2787 sed

249 2819 306 2860 ob
333 2819 661 2861 intolerabilem
689 2821 813 2875 apud
839 2834 928 2869 θος,
956 2821 1025 2862 uti
1053 2820 1289 2862 Podolitae
1315 2819 1534 2866 scribunt,
1562 2831 1711 2858 rerum
1737 2815 1940 2857 omnium

250 2889 514 2944 penuriam;
549 2894 634 2932 etc.
673 2892 847 2932 Datum
884 2891 931 2932 in
967 2890 1270 2932 Bodzanczin.

684 2999 800 3043 (Acta
828 2998 1060 3032 Tomiciana
1089 2997 1167 3030 vol.
1199 2996 1249 3029 X.
1281 3006 1369 3040 pag.
1401 2994 1502 3038 228.)

396 3186 410 3206 1
444 3186 622 3221 A‘ndreas
659 3188 848 3232 Krupski.
1952 3193 1988 3220 35
