2209 3643
285 191 356 232 196
1040 188 1114 221 No.
1140 190 1210 232 156
1651 185 1724 239 [23.
1746 190 1846 236 Aug.
1872 200 1977 235 1529⁴

428 319 600 359 Datum
626 331 680 358 ex
708 316 955 365 Bothosan‚
980 316 1182 358 Sabbato
1208 316 1282 358 die
1308 321 1412 372 post
1439 317 1606 360 festum
1631 319 1789 361 Annae
1814 320 1977 361 matris

282 389 462 430 Mariae.
485 389 618 429 Anno
639 386 821 428 Domini
845 396 967 440 1529.

420 479 445 516 I
447 477 652 517 ntitulatio
671 489 684 515 .·
710 476 995 515 Prudentibus
1017 479 1058 514 et
1081 476 1397 528 circumspectis
1431 478 1559 517 iudici
1593 483 1634 518 et
1656 479 1805 518 iuratis
1827 480 1973 518 Bism-

282 537 501 582 ciensibUS,
528 536 723 575 fidelibus
748 535 870 574 nobis
896 535 1053 573 sincere
1079 535 1255 574 dilectis

398 622 623 667 (Originale.
659 621 878 656 Archivum
910 621 1128 656 comitatus
1161 622 1553 664 Beszterczenaszod,
1590 624 1846 668 Besztercze.)

1081 775 1180 817 156.

749 885 1040 941 Nagyszeben,
1067 897 1136 938 23.
1165 887 1356 942 Augusti
1379 899 1506 942 1529.

280 974 478 1013 Nicolaus
513 974 692 1013 Gerendi
728 975 948 1026 episcopus
970 975 1287 1026 Transylvanus
1310 980 1351 1014 et
1379 975 1479 1014 socii
1514 975 1780 1015 Ferdinando
1804 976 1836 1016 Ι.
1878 977 1976 1028 regi.

422 1073 618 1128 Regnum
666 1074 968 1116 invasionibus
1017 1074 1073 1115 M
1076 1075 1242 1117 oldavo—
1251 1075 1541 1117 Valacliorum
1589 1079 1626 1116 et
1672 1075 1706 1129 J
1709 1075 1844 1117 oanni
1891 1075 1979 1130 regi

282 1144 610 1186 adhaerentium
632 1145 694 1186 ita
718 1145 984 1187 devastatum
1007 1150 1079 1194 est,
1105 1149 1142 1187 et
1164 1159 1385 1187 summum
1407 1146 1650 1202 periculum
1673 1150 1761 1188 tam
1783 1146 1978 1201 proxime
1995 1168 2009 1194 1

282 1216 492 1265 imminet,
518 1220 564 1257 ut
588 1215 681 1257 eius
704 1216 837 1258 ruina
862 1216 1100 1258 certissima
1121 1216 1190 1266 sit,
1206 1217 1298 1258 nisi
1323 1217 1553 1258 exercitum
1569 1229 1726 1266 10‚Ooo
1749 1217 1975 1259 lzominum

282 1287 338 1328 ad
365 1287 679 1339 defendendum
707 1287 886 1329 miserit.

426 1392 659 1434 Nescimus
689 1393 888 1448 projecto,
909 1394 1171 1449 quibusnam
1201 1394 1389 1436 exordiis
1419 1399 1625 1436 extremas
1656 1395 1756 1437 illas
1809 1399 1979 1437 nostras

283 1464 483 1505 miserias
503 1468 541 1505 et
559 1464 839 1513 calamitates,
861 1464 910 1506 in
941 1478 1049 1520 quas
1082 1465 1130 1506 ob
1150 1469 1298 1506 nostra
1330 1479 1426 1520 erga
1456 1466 1513 1506 M
1516 1460 1573 1483 '8⁷⁷²
1594 1465 1703 1507 V⁷⁷²⁷²²
1722 1466 1978 1517 fidelissima

283 1535 471 1584 servitia,
515 1548 623 1589 quae
667 1535 901 1585 evenimus,
946 1535 1191 1590 significare
1234 1536 1476 1585 debeamus,
1532 1550 1665 1591 quum
1725 1550 1814 1579 non
1856 1537 2026 1595 modos:

284 1606 447 1661 vulgus,
475 1606 548 1647 sed
573 1610 610 1647 et
633 1620 712 1647 nos
739 1606 830 1647 iam
854 1606 940 1658 jere
965 1607 1257 1662 desperamus,
1285 1607 1360 1661 qui
1385 1607 1589 1648 liactenus
1615 1611 1796 1650 caeteros
1822 1607 1871 1649 in
1895 1607 1978 1658 fide

284 1677 462 1718 vixdum
491 1677 848 1726 continuerimus,
879 1677 1009 1719 donec
1039 1691 1127 1719 sese
1155 1691 1243 1719 non
1272 1678 1413 1719 solum
1442 1692 1468 1719 a
1496 1678 1634 1727 nobis,
1672 1679 1745 1720 sed
1773 1683 1810 1720 et
1838 1692 1863 1719 a
1892 1678 1948 1719 M
1952 1672 1980 1695 ᾖ]

292 1748 369 1790 Vm
398 1748 534 1789 verbis
562 1748 714 1794 elusos,
741 1748 916 1803 penitus
943 1749 1115 1790 credant
1142 1762 1201 1797 eo,
1223 1749 1335 1803 quod
1362 1753 1399 1790 et
1425 1749 1481 1790 ad
1507 1749 1643 1798 verba,
1673 1753 1709 1791 et
1735 1750 1792 1790 ad
1817 1749 1978 1790 litteras

282 1819 338 1860 M
341 1812 380 1836 Μ
402 1819 499 1860 V⁷'‘²‘'
526 1818 646 1860 toties
665 1819 885 1860 auxilium
914 1819 1037 1861 nobis
1055 1819 1170 1860 mitti
1187 1819 1453 1869 nuntiantes,
1485 1820 1769 1874 nequicquam
1787 1823 1979 1861 secutum

284 1889 353 1939 sit,
379 1890 451 1931 sed
473 1903 607 1944 neque
629 1890 750 1941 sama
787 1890 978 1931 alicuius
1014 1904 1039 1931 a
1076 1890 1132 1931 M
1135 1884 1164 1907 '⁶’
1193 1891 1271 1932 Vm
1296 1890 1458 1932 auxilii
1494 1891 1715 1940 audiatur,
1740 1895 2008 1946 quantoque,

280 1960 477 2015 graviora
508 1960 632 2002 nobis
664 1961 924 2003 immineant
954 1961 1163 2016 pericula,
1197 1965 1314 2003 tanto
1346 1961 1517 2002 minora
1550 1962 1721 2003 auxilia
1753 1966 1829 2003 aut
1860 1965 1979 2016 spem

284 2031 445 2072 auxilii
475 2031 786 2086 percipiamus.
817 2031 931 2086 Quia
958 2037 1101 2073 tamen
1125 2032 1343 2074 Maiestas
1374 2032 1451 2074 Vm
1494 2032 1607 2087 regio
1639 2032 1757 2074 verbo
1784 2032 1978 2087 pollicita

284 2102 340 2143 sit
380 2102 456 2151 ita,
488 2105 535 2143 ut
565 2103 604 2144 si
634 2102 864 2144 necessitas
895 2107 971 2144 aut
1001 2103 1066 2144 vis
1097 2103 1245 2158 aliqua
1276 2116 1355 2145 nos
1386 2103 1618 2152 invaderet,
1649 2103 1866 2145 Maiestas
1902 2103 1979 2144 V⁷⁷²

283 2173 451 2214 dierum
472 2173 615 2227 spatio
636 2173 760 2215 nobis
781 2173 831 2215 in
852 2174 1034 2229 propria
1054 2178 1239 2229 persona
1261 2178 1337 2215 aut
1358 2173 1475 2215 illico
1498 2174 1644 2215 adesse
1665 2174 1780 2223 velle,
1804 2174 1979 2215 interim

283 2257 361 2285 nos
382 2247 478 2298 post
498 2243 616 2285 mille
637 2244 816 2285 nuntios
838 2248 875 2286 et
896 2244 1059 2286 litteras
1081 2244 1138 2285 ad
1158 2245 1214 2285 M
1218 2238 1276 2262 ‘⁹⁷²¹
1308 2245 1417 2286 V⁷⁷²⁷⁷¹
1451 2244 1610 2286 missas
1643 2249 1681 2286 et
1713 2258 1739 2286 a
1774 2245 1831 2285 M
1833 2244 2010 2304 oldavo2

285 2319 321 2355 et
346 2313 398 2355 W
401 2314 560 2360 alaclw,
582 2319 618 2356 et
640 2328 665 2355 a
688 2314 868 2364 Siculis,
885 2319 922 2356 et
943 2315 995 2356 ab
1020 2315 1356 2356 Transsilvania
1379 2319 1417 2356 et
1437 2315 1653 2357 nobilibus
1676 2329 1725 2356 ac
1744 2314 1980 2356 Rascianis

284 2384 507 2426 crudeliter
532 2385 838 2439 opprimimur,
855 2399 900 2427 eo
926 2386 1149 2427 deventum
1170 2390 1271 2435 erat,
1293 2390 1341 2427 ut
1365 2386 1457 2427 iam
1483 2385 1807 2427 cruentissimas
1833 2385 1979 2426 caedes

285 2459 596 2510 extremumque
627 2469 676 2496 ac
701 2456 818 2497 triste
851 2456 1006 2498 bellum
1037 2457 1161 2498 civile
1193 2457 1417 2498 variarum
1450 2456 1809 2498 Transsilvaniae
1839 2456 1978 2497 natio-

284 2539 391 2567 num
421 2526 615 2575 oriretur,
647 2526 695 2568 in
730 2540 812 2581 quo
852 2527 1100 2578 fidelissimi
1141 2527 1297 2582 quique
1337 2527 1394 2568 M
1397 2521 1437 2545 ’Ὗς
1470 2527 1566 2569 Vra?
1594 2527 1651 2568 ad
1679 2540 1818 2568 unum
1847 2540 1980 2581 usque

285 2596 397 2637 caesi
431 2596 629 2648 fuissent,
666 2610 763 2638 cum
798 2598 998 2639 adversae
1023 2598 1163 2653 partis
1187 2598 1298 2639 vires
1333 2598 1452 2653 longe
1485 2602 1654 2640 nostras
1689 2597 2011 2656 superarent‚13

433 2760 446 2780 1
474 2759 534 2794 De
560 2760 636 2794 hoc
664 2762 772 2805 apud
800 2761 1057 2807 Ostermayer
1087 2762 1123 2805 (l.
1153 2772 1184 2795 c.
1214 2761 1317 2806 498.)
1347 2761 1446 2795 haec
1472 2760 1663 2804 legimus:
1693 2759 1846 2793 Eodem
1873 2770 1979 2794 anno

292 2818 417 2861 (1529)
445 2828 558 2852 vorm
583 2819 715 2854 Erndt
739 2820 811 2854 hat
835 2820 1055 2854 bemeldter
1078 2820 1260 2854 Moldner
1285 2820 1402 2853 Peter
1427 2819 1584 2863 Wayda
1609 2818 1678 2852 auf
1702 2817 1884 2852 Verheiss
1909 2819 1978 2852 des

284 2875 430 2920 Joanni
453 2877 584 2921 Konig
604 2878 737 2911 seinen
758 2878 988 2913 Hofrichter
1008 2879 1083 2913 mit
1103 2888 1242 2923 5o.ooo
1256 2878 1378 2911 Mann
1392 2877 1432 2911 in
1446 2876 1739 2920 Siebenbiirgen
1761 2877 1974 2920 geschickt,

285 2934 430 2968 welche
447 2935 529 2969 sich
545 2935 605 2969 nit
621 2936 713 2970 weit
730 2947 809 2970 von
825 2936 989 2971 Tartlen
1004 2937 1178 2982 gelagert
1194 2936 1254 2970 ins
1270 2936 1408 2980 Lager.
1441 2934 1605 2969 Alsbald
1621 2934 1772 2969 solehes
1788 2935 1825 2968 N
1828 2935 1978 2970 icolaus

288 2991 468 3032 Gerendi,
510 2993 688 3028 Tebrebk
728 2994 864 3029 Balint
903 2996 985 3029 und
1023 2995 1249 3040 Stephanus
1288 2994 1454 3039 Maylat,
1497 2993 1560 3027 die
1600 2993 1975 3034 Ferdinandischen‚
1991 3019 2007 3044 3

288 3049 439 3084 solches
472 3062 742 3092 vernommen,
778 3053 910 3087 haben
943 3064 1023 3087 von
1055 3052 1361 3097 Siebenbfirgen,
1398 3051 1638 3091 Deutschen,
1675 3052 1861 3086 Edelleut
1895 3053 1976 3086 und

290 3107 432 3141 Zekeln
455 3109 517 3142 ein
540 3110 704 3144 sehones
726 3111 829 3144 Volk
852 3112 1224 3146 zusammenbracht
1259 3111 1341 3145 und
1377 3110 1459 3144 sich
1482 3110 1626 3155 kegens
1649 3110 1712 3144 die
1733 3111 1913 3145 Moldner
1934 3111 1975 3145 in

118 3174 169 3194 22-
188 3165 257 3203 Jun.
293 3165 541 3200 Burzenland
563 3167 746 3212 gel'agert.
770 3169 857 3203 Den
879 3180 937 3203 22.
959 3170 1068 3215 Junii
1089 3170 1175 3204 sind
1196 3170 1251 3204 sie
1273 3169 1668 3214 zusammengeriickt
1688 3179 1759 3203 vor
1779 3169 1977 3214 Mayrgeff

2015 1169 2039 1193 0.

2013 1582 2039 1595 Φ

1993 1942 2008 1950 ..
2015 1924 2041 1950 θ’·

2014 2278 2041 2304 5,

2014 2631 2040 2656 ο,

2014 3019 2040 3044 5
