2209 3643
157 176 192 210 5.
225 164 315 210 Jan.
353 158 463 213 1503]
934 163 1008 197 No.
1030 173 1076 209 53
1802 164 1850 207 65

159 295 406 338 Wacicnsis
434 294 750 336 fassionalibus
778 294 939 336 exinde
967 294 1221 343 confectis,1
1242 298 1286 335 et
1317 294 1424 336 item
1454 293 1538 335 illis
1566 292 1854 344 fassionibus,

160 380 274 422 quas
299 366 515 421 Egregius
540 365 752 407 Nicolaus
778 365 898 407 filius
923 366 1115 407 condam
1141 365 1279 407 Marci
1304 365 1359 407 de
1384 365 1577 406 Bethlen
1602 378 1736 420 super
1760 365 1855 407 iure

161 437 427 494 quartalitio
448 436 700 478 Generosae
721 436 930 478 dominae
960 438 1119 479 Annae
1149 436 1308 478 matris
1338 450 1459 485 suae,
1492 435 1613 477 filiae
1644 436 1854 478 videlicet

163 509 269 551 olim
301 507 479 563 Georgii
510 507 681 562 Banffy
724 508 779 549 de
822 507 1106 563 Balwanyos,
1151 521 1206 549 ex
1249 507 1442 549 condam
1487 507 1628 548 nobili
1671 507 1857 549 domina

132 580 319 628 5Elena,
350 578 440 620 filia
484 578 676 620 condam
719 579 910 633 joannis
953 579 1162 633 Desewfy
1207 578 1392 620 senioris
1443 578 1498 619 de
1538 578 1751 628 Losoncz,
1805 593 1857 621 ac

164 651 271 693 dote
310 654 354 692 et
394 650 527 692 rebus
566 650 924 704 parafernalibus
948 650 1199 692 Generosae
1228 649 1437 691 dominae
1470 650 1629 690 matris
1655 650 1857 692 eiusdem

163 721 356 764 condam
391 721 582 775 Joannis
632 721 817 762 senioris
858 721 1024 763 eisdem
1076 721 1130 762 de
1168 720 1388 762 universis
1428 720 1714 775 portionibus
1757 735 1858 776 pos—

163 793 438 835 sessionariis
493 791 693 834 eiusdem
749 792 942 834 condam
982 791 1173 846 Joannis
1216 791 1400 833 senioris
1449 791 1494 832 in
1541 791 1664 833 dicto
1709 796 1860 834 castro

165 864 348 920 Chycho
394 868 439 905 et
489 863 689 904 eiusdem
729 863 950 904 universis
996 862 1280 918 pertinentiis
1312 862 1549 917 provenire
1587 862 1860 904 debentibus

110 944 147 971 10
164 935 355 990 Egregio
401 934 569 989 Joanni
618 934 714 975 11110
757 934 949 975 condam
987 934 1216 975 Michaelis
1253 933 1462 989 Desewiy
1511 933 1566 975 de
1613 933 1737 975 dicta
1776 934 1860 975 Lo-

164 1020 297 1048 soncz
325 1006 506 1060 suisque
546 1005 815 1047 haeredibus
851 1010 895 1047 et
928 1004 1273 1060 posteritatibus
1303 1004 1537 1053 universis,
1569 1008 1707 1059 atque
1740 1004 1860 1046 idem

161 1078 362 1132 Joannes
406 1077 526 1118 111105
571 1076 764 1118 condam
803 1076 1032 1118 Michaelis
1071 1076 1125 1117 de
1163 1075 1422 1117 huiusmodi
1464 1075 1558 1116 iure
1597 1089 1678 1117 suo
1727 1090 1862 1130 quar-

165 1148 315 1191 talitio
349 1152 394 1189 et
438 1147 572 1189 rebus
615 1147 974 1202 parasernalibus
1006 1146 1294 1202 praescriptis
1326 1151 1465 1201 atque
1509 1146 1632 1187 omni
1668 1160 1720 1188 eo
1751 1147 1862 1197 iure,

166 1233 258 1275 quo
303 1219 532 1260 antelatus
585 1218 798 1260 Nicolaus
849 1218 903 1260 de
960 1218 1153 1259 Bethlen
1216 1217 1361 1260 eidem
1409 1217 1578 1271 Joanni
1642 1217 1859 1259 dederat:

113 1301 147 1327 15
166 1289 474 1332 mediantibus
512 1289 653 1344 [binis]
705 1289 867 1331 litteris
903 1289 1064 1330 vestris
1100 1288 1416 1331 fassionalibus
1448 1287 1611 1330 exinde
1646 1288 1864 1331 confectis

164 1360 411 1418 Spectabili
450 1365 495 1402 et
535 1361 779 1415 Magnifico
815 1360 1048 1415 Stephano
1086 1360 1335 1415 wayvodae
1370 1359 1576 1414 [nostro]2
1608 1359 1866 1401 Moldaviae

167 1438 212 1476 et
243 1432 434 1487 Bogdan
463 1431 627 1486 wayda
656 1432 750 1473 11110
779 1431 979 1473 eiusdem
1009 1431 1300 1486 ipsorumque
1329 1430 1569 1472 heredibus
1598 1434 1643 1472 et
1674 1431 1864 1485 posteri-

169 1504 345 1546 tatibus
365 1502 585 1544 universis
606 1517 661 1544 ex
683 1502 828 1544 causis
848 1506 893 1544 et
908 1502 1160 1544 rationibus
1180 1502 1225 1543 in
1246 1501 1413 1543 eisdem
1434 1501 1597 1543 litteris
1618 1501 1866 1556 designatis

170 1576 506 1630 imperpetuum
533 1574 689 1615 1001550
715 1573 1026 1622 dinoscuntur,
1054 1572 1362 1614 mediantibus
1389 1572 1485 1614 aliis
1512 1572 1674 1614 litteris
1700 1573 1868 1614 nostris

117 1656 153 1682 20
171 1645 524 1702 privilegialibus
552 1644 714 1686 exinde
743 1644 958 1686 confectis
986 1648 1192 1685 nostrum
1222 1643 1415 1698 Regium
1444 1656 1711 1685 consensum
1740 1657 1867 1698 prae-

172 1717 402 1759 buerimus
450 1716 734 1770 velimusque
769 1715 889 1770 ipsos
924 1715 969 1756 in
1007 1714 1257 1756 dominium
1292 1714 1552 1756 huiusmodi
1588 1714 1753 1756 iurium
1789 1729 1871 1770 per

171 1793 379 1831 nostrum
407 1792 452 1830 et
479 1792 684 1829 vestrum
711 1786 914 1828 homines
942 1786 1139 1840 legitime
1166 1785 1312 1827 facere
1340 1785 1579 1826 introduci.
1606 1785 1749 1840 Super
1777 1800 1868 1840 quo

174 1859 407 1902 Fidelitati
459 1859 648 1900 Vestrae
688 1857 880 1899 firmiter
918 1856 1244 1912 praecipientes
1297 1856 1582 1905 mandamus,
1640 1860 1867 1910 quatenus

173 1935 377 1973 vestrum
403 1929 602 1971 mittatis
627 1929 856 1971 hominem
883 1942 963 1983 pro
990 1927 1250 1969 testimonio
1276 1927 1367 1968 fide
1394 1926 1594 1981 dignum,
1623 1941 1713 1981 quo
1739 1941 1866 1982 prae-

120 2010 157 2036 25
174 2006 301 2044 sente
326 2001 543 2056 Georgius
568 2001 623 2042 de
648 1999 932 2054 Zentghergh
957 1999 1028 2040 vel
1051 1999 1309 2053 Stephanus
1335 1998 1389 2039 de
1415 1998 1561 2039 Nema
1586 1997 1683 2039 aliis
1708 1998 1867 2040 absen-

175 2073 299 2115 tibus
326 2072 462 2114 homo
489 2076 643 2113 noster
671 2071 730 2112 ad
757 2070 893 2112 iacies
921 2070 1031 2111 dicti
1059 2069 1194 2111 castri
1228 2069 1411 2124 Chycho
1452 2073 1868 2124 consequenterque

176 2143 340 2185 iurium
382 2143 530 2185 dictae
572 2142 782 2184 dominae
820 2141 1013 2196 Sophiae
1055 2139 1274 2182 consortis
1314 2138 1544 2181 Michaelis
1585 2139 1640 2181 de
1680 2139 1774 2180 Zob
1816 2154 1869 2182 ac

176 2214 351 2256 Nicolai
388 2214 469 2255 filii
507 2214 700 2256 condam
749 2212 888 2254 Marci
926 2211 980 2253 de
1017 2210 1211 2252 Bethlen
1248 2215 1293 2252 et
1327 2210 1519 2264 Joannis
1555 2210 1638 2251 filii
1675 2211 1870 2252 condam

177 2285 408 2327 Michaelis
449 2285 659 2340 Desewfy
701 2284 756 2326 de
798 2284 997 2325 Losoncz
1038 2282 1083 2323 in
1125 2281 1283 2323 eodem
1325 2285 1473 2322 castro
1514 2285 1559 2322 et
1602 2285 1870 2323 cunctarum

127 2364 162 2391 30
179 2370 363 2398 suarum
378 2355 757 2411 pertinentiarum
771 2353 1054 2396 habitarum3
1071 2387 1078 2394 .
1098 2387 1106 2394 .
1128 2387 1135 2394 .
1162 2352 1423 2394 introducat
1439 2352 1668 2406 praefatos
1680 2352 1871 2408 Stepha-

178 2441 289 2470 num
329 2427 575 2470 vaivodam
615 2430 660 2468 et
702 2425 891 2480 Bogdan
932 2423 1068 2466 vaida
1108 2423 1253 2464 11110111
1293 2422 1492 2464 eiusdem
1533 2422 1578 2463 in
1619 2422 1871 2465 dominium

180 2498 425 2541 eorundem
474 2501 743 2552 statuatque
784 2496 942 2538 eadem
989 2494 1250 2536 eisdem...
1300 2493 1336 2534 si
1365 2506 1456 2534 non
1495 2492 1664 2535 suc-rint
1692 2498 1870 2535 contra-

180 2569 398 2621 dictores;
423 2568 778 2611 contradictores
798 2581 918 2616 vero,
951 2566 988 2607 si
1014 2565 1091 2620 qui
1112 2564 1293 2614 fuerint,
1321 2569 1479 2606 evocet
1507 2564 1687 2606 eosdem
1714 2570 1874 2607 contra

182 2644 427 2682 annotatos
463 2640 748 2694 Stephanum
787 2637 1031 2680 vaivodam
1077 2639 1122 2677 et
1169 2635 1359 2689 Bogdan
1406 2634 1551 2676 filiurn
1591 2634 1791 2677 eiusdem
1826 2636 1873 2677 in

129 2720 167 2746 35
183 2711 487 2767 praesentiam
507 2710 731 2752 vaivodae
752 2708 895 2751 nostri
931 2706 1318 2748 Transsilvanensi
1339 2706 1397 2747 ad
1418 2705 1664 2747 terminum
1697 2720 1873 2761 compe-

184 2787 358 2824 tentem
396 2781 619 2823 rationem
658 2778 1029 2823 contradictionis
1058 2776 1302 2818 eorundem
1333 2776 1618 2826 reddituros;
1649 2781 1733 2819 etc.

330 2853 504 2894 Datum
539 2852 711 2900 Eudae,
748 2850 859 2892 feria
893 2849 1055 2903 quinta
1088 2847 1296 2902 proxima
1330 2852 1437 2888 ante
1471 2847 1639 2888 festum
1674 2848 1875 2903 Epipha-

184 2923 363 2965 niarum
401 2922 598 2964 Domini.
639 2923 772 2964 Anno
811 2920 1010 2962 eiusdem
1049 2918 1284 2959 Millesimo
1323 2917 1683 2972 quingentesimo
1722 2919 1873 2961 tertio.

333 3029 347 3049 1
368 3028 470 3062 Vide
490 3028 565 3062 sub
586 3027 662 3061 No.
685 3037 747 3071 49.
771 3027 820 3060 de
841 3026 939 3059 dato
963 3033 1020 3066 13.
1043 3022 1225 3067 Januarii
1248 3032 1357 3067 1502.

134 3109 170 3135 40
331 3081 348 3106 2
380 3087 466 3121 Has
501 3080 690 3136 [lacunas]
726 3085 936 3119 refundere
980 3082 1172 3116 debemus
1215 3091 1264 3115 ex
1296 3083 1574 3126 transsumpto
1605 3082 1723 3117 huius
1755 3083 1877 3117 docu-

190 3145 317 3180 menti
338 3146 388 3179 de
409 3156 516 3180 anno
541 3155 636 3190 1503
660 3145 735 3179 sub
758 3144 822 3177 Dl.
847 3143 984 3186 28004.
1185 3140 1200 3162 ³
1232 3140 1280 3174 In
1311 3139 1517 3184 originali:
1550 3141 1794 3176 habitorum.

255 3233 360 3259 Fontae
379 3233 485 3258 Rerum
505 3232 783 3266 Transylvanicarum
803 3229 856 3258 IV.
1718 3230 1731 3264 5
