2209 3643
287 176 336 219 56
1055 168 1129 201 No.
1152 169 1201 212 46
1645 161 1693 215 [3.
1727 167 1842 201 Febr.
1879 177 1982 212 1501

290 304 495 359 Bogdan‚
521 302 638 344 filius
662 300 876 349 eiusdem,
902 312 984 353 pro
1008 297 1255 353 praemissa
1292 310 1446 339 eorum
1483 296 1698 352 primaria
1734 298 1990 352 repulsione

292 375 516 416 dictorum
541 371 683 413 nostri
707 375 752 412 et
783 369 922 411 vestri
936 368 1173 410 hominum
1187 368 1624 423 reoccupationeque
1648 372 1988 422 praetactarum

289 443 620 499 possessionum
653 439 1058 493 Zenthmargytha‚
1093 438 1356 480 Kerezthwr
1384 443 1428 479 et
1453 439 1621 480 Felewr
1642 443 1907 480 vocatarum
1942 444 1986 481 et

291 512 667 570 pertinentiarum
704 510 951 552 earundem
987 523 1067 565 per
1101 510 1332 564 praefatos
1368 510 1612 552 familiares
1648 514 1693 551 et
1729 510 1988 565 iobagiones

289 586 489 641 ipsorum
519 583 655 624 modo
685 581 930 637 praemisso
960 594 1075 622 ausu
1105 580 1344 622 temerario
1373 580 1506 622 factis
1536 581 1581 622 in
1611 580 1796 635 singulis
1825 581 1988 622 marcis
2023 601 2043 627 5

290 655 400 705 auri,
428 654 674 709 singulares
699 652 991 707 septuaginta
1010 652 1124 693 duos
1147 651 1339 693 florenos
1359 652 1456 693 auri
1476 651 1747 694 facientibus
1768 655 1813 693 et
1834 665 1988 706 aggra-

291 726 402 774 vari,
446 730 492 767 et
516 723 836 767 nichilominus
860 722 1108 778 praemissa
1131 726 1289 765 nostra
1313 722 1548 764 iudiciaria
1572 722 1838 764 deliberatio
1875 722 1988 764 scili-

291 801 362 838 cet
384 794 734 852 possessionaria
755 794 999 836 restatutio
1021 797 1295 849 praenotata
1316 793 1447 836 iuxta
1468 793 1762 849 praemissam
1785 797 1989 835 nostram

288 867 550 922 primariam
584 865 866 908 iudiciariam
889 864 1251 907 commissionem
1275 864 1542 906 viceiterata
1563 864 1725 919 exequi
1746 863 1990 919 perficique

291 942 336 980 et
359 937 541 980 effectui
556 936 829 992 mancipare,
847 935 905 977 ad
920 949 1062 991 eaque
1077 935 1351 991 perficienda
1367 939 1521 977 noster
1547 940 1592 977 et
1606 939 1758 977 vester
1784 934 1989 977 homines
2006 953 2042 980 10

290 1008 543 1051 transmitti
558 1008 808 1058 debebant;
825 1006 1087 1049 Amicitiam
1102 1006 1458 1061 igiturVestram
1468 1006 1782 1062 praesentibus
1792 1006 1990 1061 petimus

291 1079 543 1135 diligenter,
584 1083 812 1135 quatenus
860 1082 1066 1120 vestrum
1103 1077 1302 1119 mittatis
1339 1077 1569 1119 hominem
1608 1091 1689 1133 pro
1727 1077 1990 1119 testimonio

289 1151 380 1194 fide
399 1151 601 1206 dignum,
623 1163 714 1205 quo
733 1154 972 1205 praesente
989 1149 1205 1190 Albertus
1223 1149 1280 1190 de
1299 1149 1444 1190 Zenth
1465 1148 1614 1204 Gergh
1634 1152 1714 1190 aut
1731 1148 1990 1203 Stephanus

290 1223 362 1264 vel
395 1223 594 1264 Thomas
627 1221 683 1263 de
716 1221 891 1262 Nema.
917 1255 957 1262 ..
994 1219 1092 1262 aliis
1126 1219 1406 1268 absentibuS,
1441 1220 1578 1261 homo
1611 1224 1765 1261 noster
1797 1219 1853 1261 de
1886 1219 1990 1260 sede

290 1298 448 1335 nostra
482 1292 716 1335 iudiciaria
749 1305 829 1347 per
861 1305 943 1333 nos
977 1291 1036 1333 ad
1069 1291 1115 1333 id
1149 1290 1403 1346 specialiter
1435 1290 1726 1332 transmissus
1760 1290 1819 1331 ad
1853 1289 1990 1331 facies
2003 1308 2044 1334 15

291 1364 674 1420 praescriptarum
696 1362 1031 1418 possessionum
1050 1362 1456 1417 Zenthmargytha,
1475 1361 1740 1403 Kerezthwr
1760 1365 1804 1402 et
1821 1361 1992 1402 Felewr

290 1439 558 1478 vocatarum
573 1433 734 1475 vicinis
753 1437 797 1474 et
821 1432 1146 1475 commetaneis
1165 1433 1411 1474 earundem
1432 1432 1653 1474 universis
1667 1431 1778 1473 inibi
1791 1431 1990 1487 legitime

292 1506 553 1548 convocatis
579 1510 624 1547 et
651 1505 965 1561 praesentibus
1004 1503 1338 1553 accedentibus,
1366 1507 1590 1545 restatuat
1624 1503 1805 1545 easdem
1844 1502 1990 1544 eidem

292 1577 433 1619 actori
461 1591 564 1619 cum
594 1576 769 1618 cunctis
799 1576 999 1631 ipsarum
1026 1574 1305 1617 utilitatibus
1335 1579 1379 1616 et
1410 1574 1694 1630 pertinentiis
1713 1573 1989 1628 quibuslibet

292 1648 499 1690 antefato
519 1647 719 1703 Johanni
748 1647 904 1702 Ungor
932 1646 1074 1688 actori
1102 1647 1195 1688 iure
1223 1645 1308 1687 sibi
1339 1645 1630 1687 incumbente
1661 1644 1957 1700 possidendas
1978 1657 1987 1693 ;
2005 1663 2041 1690 20

294 1719 653 1761 contradictione
679 1718 989 1774 praefatorum
1017 1717 1188 1759 domini
1212 1716 1433 1772 Stephani
1459 1716 1622 1758 vaidae
1648 1720 1693 1757 et
1710 1715 1897 1758 Choban
1911 1713 1990 1756 filii

292 1790 492 1832 eiusdem
518 1789 831 1832 convictorum
858 1793 903 1831 et
925 1788 1115 1830 aliorum
1140 1787 1445 1842 quorumlibet
1473 1786 1655 1843 praevia
1692 1786 1868 1828 ratione
1899 1799 1991 1827 non

293 1862 519 1903 obstante.
548 1861 752 1903 Tandem
778 1873 887 1902 vero
912 1859 971 1901 ad
996 1859 1133 1901 facies
1158 1858 1473 1900 universorum
1500 1858 1664 1900 iurium
1690 1856 1991 1913 possessiona-

291 1932 459 1975 riorum
502 1936 859 1974 memoratorum
901 1930 1073 1972 domini
1112 1929 1332 1985 Stephani
1373 1929 1536 1971 vaidae
1578 1927 1899 1970 Moldaviensis
1940 1941 1993 1968 ac

292 2004 477 2046 Choban
510 2003 589 2045 filii
621 2002 822 2044 eiusdem
856 2001 1170 2043 convictorum
1204 2000 1324 2055 ipsos
1356 2001 1474 2042 solos
1506 1999 1685 2055 proprie
1717 2003 1762 2040 et
1795 1997 1994 2053 praecise
2007 2019 2047 2045 25

293 2074 653 2129 contingentium
693 2072 984 2115 consimiliter
1020 2071 1180 2113 vicinis
1217 2076 1262 2113 et
1301 2070 1639 2119 commetaneis,
1677 2083 1853 2111 necnon
1876 2068 1992 2117 filiis,

292 2146 485 2195 filiabus,
514 2145 732 2187 fratribus
758 2149 803 2186 et
831 2143 928 2186 aliis
953 2142 1298 2198 generationum
1325 2141 1572 2184 eorundem
1598 2140 1858 2183 hominibus
1884 2139 1994 2180 inibi

292 2216 491 2271 legitime
541 2215 804 2258 convocatis
853 2219 898 2257 et
948 2214 1265 2269 praesentibus
1314 2212 1649 2261 accedentibus,
1700 2211 1994 2267 praemissam

293 2292 497 2329 nostram
534 2286 811 2329 sententiam
849 2291 894 2328 et
932 2285 1085 2327 omnia
1121 2284 1166 2326 in
1204 2284 1362 2326 eadem
1400 2288 1617 2325 contenta
1654 2287 1698 2324 et
1736 2281 1996 2337 specificata

294 2357 533 2400 simulcum
567 2358 793 2399 solutione
827 2362 871 2399 et
906 2355 1218 2398 satisfactione
1252 2355 1479 2397 dictarum
1513 2354 1790 2408 singularum
1824 2366 2048 2398 marca-30

293 2442 393 2469 rum
418 2429 528 2478 auri,
554 2429 751 2483 singulos
766 2427 1058 2483 septuaginta
1072 2427 1186 2469 duos
1199 2427 1391 2468 florenos
1406 2425 1504 2467 auri
1518 2424 1782 2466 facientium
1798 2423 1996 2479 plenarie

295 2503 339 2540 et
366 2511 447 2540 suo
472 2500 609 2541 modo
634 2499 845 2554 expedire
870 2500 1173 2554 perficereque
1199 2503 1243 2540 et
1270 2510 1495 2553 peragere,
1542 2495 1813 2550 debitaeque
1838 2508 1996 2536 execu-

295 2569 408 2611 tioni
452 2569 719 2612 viceiterata
762 2569 1029 2611 demandari
1072 2569 1269 2610 debeant
1314 2573 1358 2610 et
1403 2571 1661 2615 teneantur,
1707 2564 1999 2608 consimiliter

296 2640 654 2682 contradictione
684 2641 996 2696 praefatorum
1026 2639 1199 2681 domini
1226 2638 1446 2694 Stephani
1475 2637 1700 2679 vaivodae
1729 2650 1781 2678 ac
1812 2635 1998 2678 Choban

298 2710 376 2751 filii
399 2711 598 2753 eiusdem
622 2716 667 2753 et
690 2711 880 2753 aliorum
903 2710 1210 2766 quorumlibet
1233 2709 1420 2766 praevia
1441 2708 1618 2750 ratione
1639 2721 1730 2749 non
1752 2707 1966 2748 obstante
1988 2719 2049 2755 ;35

147 2811 170 2832 Ι,
194 2802 277 2842 Aug.
301 2793 495 2834 quarum
535 2782 720 2823 tandem
760 2782 916 2823 seriem
969 2782 1027 2823 ad
1066 2786 1254 2823 octavas
1292 2780 1396 2822 festi
1435 2778 1568 2821 Beati
1603 2777 1765 2832 Jacobi
1802 2775 1998 2831 apostoli

297 2864 417 2892 nunc
442 2857 658 2893 venturas
682 2852 880 2906 legitime
904 2852 1231 2907 perdurandas,
1257 2856 1309 2893 ut
1334 2849 1470 2892 fuerit
1495 2847 1842 2903 expediendum,
1867 2846 1998 2888 nobis

301 2921 601 2963 amicabiliter
629 2923 899 2965 rescribatis.

446 2992 618 3033 Datum
648 2992 693 3033 in
723 2993 891 3047 oppido
919 2992 1272 3034 Zekelwasarhel
1301 2990 1518 3045 vigesimo
1546 2988 1744 3030 secundo
1773 2987 1846 3029 die
1875 2991 1998 3029 octa-

301 3074 463 3102 varum
497 3062 600 3103 festi
634 3062 994 3117 Epiphaniarum
1028 3062 1212 3104 Domini
1245 3061 1594 3117 praedictarum.
1631 3060 1764 3100 Anno
1797 3057 1998 3099 eiusdem
2013 3066 2050 3092 40

304 3130 540 3172 Millesimo
568 3132 927 3186 quingentesimo
954 3133 1112 3187 primo.
