2209 3643
976 636 1010 676 l.

521 778 744 832 ACTA
804 779 905 831 ET
968 778 1458 834 EPISTOLAE.

971 1011 1008 1051 1.

709 1120 884 1169 Brasso,
906 1132 946 1172 3.
970 1120 1336 1175 Januarii1468.

495 1209 679 1248 Mathias
706 1222 778 1248 rex
807 1210 1051 1262 Hungariae
1079 1211 1273 1250 Michaeli
1301 1212 1494 1252 Gerendi.

290 1307 502 1348 Hortatur
533 1308 590 1348 ad
620 1308 833 1349 reddenda
865 1309 943 1350 illa
976 1309 1085 1350 bona
1118 1310 1296 1352 Osvaldi
1329 1315 1365 1352 et
1395 1311 1429 1364 J
1432 1311 1620 1353 ohannis
1651 1312 1843 1366 Jarzkaji

105 1413 121 1438 ὃ
143 1377 280 1419 nobili
303 1377 505 1430 Iohanni
528 1378 560 1431 J
564 1379 733 1430 emkaji,
758 1393 866 1434 quae
889 1379 937 1421 ob
959 1380 1108 1434 jugam
1132 1395 1152 1421 e
1175 1381 1278 1422 bello
1301 1395 1399 1422 cum
1422 1382 1641 1438 Stephano
1664 1384 1845 1426 vaz'voda

143 1448 199 1489 M
202 1449 398 1490 oldaviae
426 1448 536 1490 inito
565 1449 794 1500 confiscata
823 1455 938 1499 sunt,
974 1465 1072 1492 cum
1099 1452 1332 1494 novissime
1361 1467 1386 1494 a
1414 1453 1546 1505 fratre
1574 1454 1749 1496 illorum
1777 1469 1846 1497 eos

143 1533 231 1561 non
259 1519 435 1574 fugisse,
467 1520 539 1561 sed
571 1521 616 1561 in
646 1521 876 1563 certamine
904 1521 1038 1563 vitam
1066 1523 1267 1564 amisisse
1295 1525 1542 1579 perceperit.

1267 1617 1501 1653 Commissio
1531 1620 1683 1654 domini
1713 1621 1846 1665 Regis.

299 1709 496 1751 Mathias
524 1710 609 1752 Dei
635 1710 782 1765 gratia
809 1724 886 1753 rex
914 1712 1189 1766 Hungariae,
1219 1712 1492 1762 Dalmatiae,
1523 1714 1729 1756 Croatiae
1756 1719 1842 1757 etc.

92 1805 127 1831 10
150 1779 293 1821 Fideli
329 1785 485 1823 nostro
522 1781 713 1836 Egregio
748 1782 956 1824 Michaeli
993 1782 1048 1824 de
1084 1782 1274 1825 Gerend.
1311 1783 1514 1826 Salutem
1551 1789 1596 1826 et
1632 1786 1842 1839 gratiam.

152 1851 277 1893 Licet
310 1865 393 1893 nos
426 1851 660 1894 universas
693 1853 994 1908 possessiones
1039 1853 1361 1909 portionesque
1395 1859 1440 1897 et
1473 1855 1572 1897 iura
1604 1857 1844 1911 possessio-

150 1922 292 1971 naria5
319 1936 495 1964 necnon
528 1937 598 1964 res
632 1927 676 1965 et
710 1923 831 1965 bona
865 1924 1062 1966 Oswaldi
1096 1928 1140 1966 et
1171 1925 1394 1978 Johannis
1411 1926 1617 1981 Jankaiy
1651 1927 1705 1968 de
1739 1928 1844 1969 Ews

150 1992 341 2035 ubilibet
370 1993 553 2035 habitas
582 1998 628 2036 et
659 1994 904 2036 existentes
933 1999 1118 2050 propter
1146 2000 1305 2037 notam
1335 1996 1472 2046 illam,
1504 2011 1643 2051 quam
1674 1998 1757 2053 ipsi
1788 2012 1843 2040 ex

150 2077 216 2113 eo,
247 2064 370 2118 quod
398 2078 501 2106 cum
528 2078 611 2107 nos
638 2064 684 2106 in
712 2065 919 2120 partibus
947 2065 1203 2108 Moldaviae
1231 2080 1333 2108 cum
1359 2067 1590 2122 Stephano
1617 2069 1843 2124 wayvoda

98 2159 134 2185 15
150 2134 447 2176 Moldaviensi
491 2135 751 2178 conflictum
795 2136 1147 2185 habuissemus‚1
1190 2141 1301 2178 tunc
1345 2138 1400 2179 de
1444 2139 1644 2181 exercitu
1687 2144 1844 2182 nostro

150 2205 428 2248 clandestine
476 2207 760 2249 recessissent
810 2207 1046 2249 incurrisse
1094 2207 1321 2257 dicuntur,
1371 2208 1456 2250 tibi
1505 2210 1840 2253 contulerimus.

147 2276 235 2318 Sed
262 2280 417 2318 tamen
445 2291 566 2319 nunc
593 2278 737 2319 fidelis
765 2282 918 2319 noster
942 2278 1175 2332 Johannes
1225 2279 1443 2335 Jankafy‚
1473 2280 1614 2322 frater
1641 2280 1843 2336 ipsorum

150 2346 216 2388 ita
257 2347 444 2402 exponit
486 2348 717 2391 Maiestati
758 2354 953 2398 nostrae,
998 2349 1120 2403 quod
1174 2349 1229 2390 de
1282 2349 1380 2404 ipso
1433 2351 1635 2393 exercitu
1686 2356 1845 2394 nostro

149 2431 241 2459 non
275 2418 574 2469 recessissent,
612 2420 691 2461 sed
726 2419 894 2461 ibidem
929 2420 974 2461 in
1010 2420 1107 2475 ipso
1142 2420 1354 2462 conflictu
1389 2420 1652 2477 interempti
1677 2427 1838 2465 essent.

97 2513 134 2539 20
151 2488 283 2530 Unde
322 2502 405 2531 nos
447 2489 492 2530 in
534 2490 668 2532 rebus
705 2505 756 2532 ac
791 2490 921 2532 bonis
956 2490 1267 2532 haereditariis
1310 2491 1534 2533 dictorum
1572 2493 1769 2535 Oswaldi
1796 2498 1840 2535 et

147 2558 370 2613 Johannis
411 2560 616 2617 Jankaiy
654 2562 912 2616 praefatum
940 2566 1241 2616 exponentem
1268 2562 1437 2616 privari
1464 2563 1669 2605 nolentes
1690 2578 1699 2614 ;
1741 2564 1842 2606 ideo

151 2629 383 2672 Fidelitati
401 2631 525 2673 Tuae
543 2632 732 2674 firmiter
750 2632 1034 2681 mandamus,
1056 2636 1282 2686 quatenus
1300 2633 1491 2688 receptis
1510 2635 1839 2689 praesentibus,

150 2700 187 2741 si
218 2700 280 2743 sic
313 2705 396 2751 est,
430 2702 554 2757 quod
586 2702 797 2745 videlicet
832 2702 1025 2758 praefati
1046 2702 1282 2744 Oswaldus
1314 2708 1359 2744 et
1389 2704 1622 2758 Johannes
1655 2705 1710 2747 de
1743 2706 1841 2760 ipso

150 2771 352 2814 exercitu
391 2772 670 2815 clandestine
709 2787 802 2815 non
842 2778 1133 2822 recesserunt,
1175 2774 1267 2822 sed,
1310 2778 1362 2815 ut
1403 2774 1448 2815 in
1490 2774 1587 2830 ipso
1627 2776 1841 2817 conflictu

100 2854 136 2880 25
151 2840 412 2898 interempti
438 2848 559 2893 sunt,
588 2858 643 2886 ex
670 2848 781 2886 tunc
807 2844 954 2886 dictas
981 2844 1294 2899 possessiones,
1323 2845 1643 2901 portionesque
1670 2851 1714 2888 et
1743 2847 1842 2888 iura

151 2913 499 2966 possessionaria
529 2915 839 2970 praefatorum
871 2914 1067 2956 Oswaldi
1088 2919 1132 2955 et
1160 2914 1398 2968 Johannis,
1431 2916 1468 2957 si
1499 2917 1679 2958 easdem
1712 2931 1841 2959 occu-

296 3054 311 3075 1
352 3054 447 3089 Fuit
475 3055 539 3090 hic
579 3056 791 3092 conflictus
831 3067 952 3102 penes
990 3057 1101 3096 Baia,
1151 3067 1208 3100 14.
1254 3057 1485 3091 Decembris
1529 3060 1636 3103 1467,
1669 3059 1719 3092 de
1759 3069 1840 3103 quo

150 3111 383 3148 Coronensis
411 3114 552 3160 templi
571 3115 778 3161 inscriptio
797 3116 856 3150 ita
875 3118 1163 3150 commemorat
1180 3125 1187 3148 :
1209 3115 1384 3150 Mathias
1406 3116 1493 3150 Rex
1513 3117 1779 3161 proficiscitur
1798 3117 1836 3150 in

149 3169 393 3206 Moldaviam
414 3176 507 3217 post
529 3173 678 3208 festum
700 3174 737 3209 S.
763 3174 927 3209 Martini
950 3177 1074 3219 atque
1098 3184 1185 3208 eam
1210 3174 1442 3219 Hungariae
1464 3175 1636 3210 subiicit.

222 3247 326 3273 Fontes
344 3248 451 3275 Rerum
470 3248 747 3284 Transylvanicarum
767 3250 821 3278 IV.
1677 3245 1694 3270 1
