2209 3643
314 177 359 220 78
1079 175 1154 208 No.
1177 177 1225 218 64
1630 170 1704 225 [16.
1738 176 1873 210 Martii
1908 179 2003 221 1506

308 305 418 346 alias
451 305 608 346 Bantia
639 308 875 358 spawyaoe,
909 307 953 344 et
985 308 1119 357 agent
1152 304 1311 345 Banda
1341 304 1533 353 rednczcz,
1577 318 1658 359 pro
1701 304 1859 345 eadem
1903 305 2004 346 Illrna

311 375 512 430 principe
546 374 717 428 virgine
752 374 953 428 reginula
976 378 1020 415 et
1043 388 1126 428 pro
1149 375 1246 416 aliis
1268 375 1614 417 necessitatibus
1636 379 1681 416 et
1704 375 2003 431 inscriptioni-

310 446 407 494 bus,
445 445 608 499 quibus
643 457 757 498 opus
792 449 860 486 est
896 444 1014 486 inter
1046 458 1128 487 nos
1163 451 1207 487 et
1242 445 1360 488 inter
1393 451 1535 488 terras
1568 450 1760 495 nostras,
1797 460 2003 501 quaeque

306 515 496 557 fideliter
515 519 559 556 et
579 519 799 569 perpetuo
819 519 1008 564 starent,
1030 520 1075 557 et
1095 516 1132 557 si
1147 530 1228 570 pro
1242 516 1443 572 principe
1456 517 1657 572 reginula
1671 530 1762 558 non
1777 514 2002 560 ordinare-

305 600 418 635 mus,
449 599 530 626 nec
559 599 792 640 ageremus
821 585 867 626 in
896 587 1199 628 conventione
1227 588 1474 641 praedicta,
1505 593 1606 629 tum
1635 587 1803 629 eisdem
1831 589 2002 630 nuntiis
2039 602 2055 628 5

308 657 447 711 (quod
475 656 596 697 Deus
625 661 669 697 et
698 670 832 705 nune,
855 662 899 698 et
924 661 1034 698 tunc
1062 663 1242 699 avertat
1271 672 1297 699 a
1324 659 1487 712 nobis),
1517 663 1684 700 extunc
1712 659 2002 701 nihilominus

304 727 390 781 ipsi
417 727 567 768 nuntii
594 727 638 767 in
666 727 967 769 conventione
995 742 1097 769 cum
1125 729 1386 771 consiliariis
1417 730 1582 771 nostris
1609 729 1674 771 ita
1701 730 1930 772 consulere
1957 735 2002 772 et

305 798 449 839 facere
480 797 712 839 debebunt
744 798 1071 853 inscriptiones,
1106 804 1150 841 et
1182 805 1297 841 esset
1328 800 1446 842 inter
1474 814 1556 842 nos
1585 805 1806 855 perpetua
1836 814 1927 856 pax
1957 805 2002 843 et

303 868 504 910 amicitia
533 872 577 909 et
608 874 766 910 contra
795 869 1046 923 quemlibet
1076 870 1255 912 hostem
1284 871 1453 912 auxilia
1474 876 1518 913 et
1542 871 1836 921 defensiones,
1866 876 2001 927 prout

303 940 361 981 ad
390 940 474 981 hoc
505 944 700 994 tempus,
731 953 823 994 quo
850 954 941 982 non
969 941 1343 996 adimplebuntur
1362 947 1406 984 et
1427 956 1517 984 non
1546 943 1763 984 finientur
1790 956 1859 984 res
1888 942 2001 984 istae
2018 954 2052 981 10

300 1011 648 1065 suprascriptae,
670 1011 880 1052 dominus
910 1011 1143 1065 Johannes
1178 1013 1369 1067 Bogdan
1402 1013 1539 1055 vaida
1572 1013 1707 1055 debet
1741 1013 1872 1055 nobis
1906 1027 2002 1055 esse

301 1082 472 1122 amicus
511 1086 555 1123 et
595 1082 851 1132 auxiliator,
874 1083 1125 1124 secundum
1163 1097 1294 1138 posse
1332 1098 1465 1125 suum
1504 1084 1684 1126 auxiliis
1722 1089 1766 1126 et
1806 1084 2000 1126 consiliis

301 1157 459 1194 contra
489 1153 737 1206 quemlibet
768 1153 960 1202 hostem,
993 1168 1075 1195 nos
1105 1154 1312 1196 similiter
1343 1154 1559 1196 debemus
1589 1155 1675 1196 sibi
1705 1169 1799 1196 esse
1831 1155 2001 1197 amicus

299 1228 344 1264 et
380 1223 624 1265 auxiliator
657 1228 817 1265 contra
850 1238 955 1266 suos
976 1225 1153 1275 hostes;
1177 1230 1221 1267 et
1256 1225 1303 1267 in
1338 1226 1654 1268 testimonium
1689 1240 1739 1268 ac
1775 1226 1820 1267 in
1854 1226 2000 1268 maius

300 1294 436 1335 robur
479 1295 828 1348 praemissorum
873 1296 1076 1337 omnium
1122 1296 1318 1351 sigillum
1362 1302 1569 1338 nostrum
1613 1297 1827 1351 regnique
1856 1297 2050 1339 nostri15

300 1365 614 1420 praesentibus
661 1371 729 1407 est
777 1366 1124 1422 subaspensum.

443 1436 616 1478 Datum
644 1437 900 1487 Cracoviae,
933 1438 1139 1479 Sabbato
1178 1443 1285 1479 ante
1327 1439 1496 1480 festum
1531 1439 1801 1480 Nativitatis
1829 1439 1999 1480 Beatae

299 1507 492 1561 Virginis
530 1508 710 1549 Mariae.
752 1510 885 1550 Anno
924 1509 1107 1550 Domini
1146 1509 1383 1551 Millesirno
1422 1509 1784 1564 quingentesimo
1821 1510 1994 1564 quinto.

448 1614 584 1659 (Copia
604 1625 763 1649 coaeva.
786 1615 1005 1649 Archivum
1026 1615 1190 1661 capituli
1209 1616 1498 1661 Strigoniensis,
1524 1617 1768 1661 Esztergom.
1797 1616 1926 1661 Capsa
1958 1616 1991 1650 8.

303 1672 418 1706 secul.
451 1673 544 1707 fase.
578 1676 611 1708 6.
645 1674 718 1708 No.
756 1675 828 1718 18.)
2011 1686 2045 1712 20

1111 1801 1179 1843 64.

827 1910 1003 1959 mahtin,
1037 1911 1104 1951 16.
1140 1911 1302 1951 Martii
1336 1912 1462 1963 1506.

390 2000 626 2039 Alexander
647 2013 719 2038 rex
742 2000 942 2040 Poloniae
963 2013 1038 2052 pro
1060 2006 1181 2053 parte
1210 2001 1388 2052 Bogdan
1409 2001 1618 2040 vaivodae
1639 2001 1887 2041 Moldaviae.

434 2105 619 2146 Litterae
642 2109 834 2160 patentes
857 2105 966 2160 regis
986 2105 1213 2154 Poloniae,
1238 2106 1394 2160 quibus
1417 2106 1603 2147 declarat
1626 2120 1668 2147 se
1688 2107 1828 2160 gratia
1851 2107 1993 2159 desen-

289 2174 451 2216 dendcze
471 2176 573 2226 fidei
594 2181 738 2218 contra
760 2180 968 2231 paganos,
995 2177 1160 2218 Turcas
1182 2181 1335 2231 nempe
1356 2181 1392 2218 et
1416 2177 1635 2225 Tartaros,
1659 2191 1786 2218 suam
1807 2191 1993 2219 sororem
2006 2194 2043 2220 25

290 2245 497 2299 virginem
514 2247 809 2288 Elisabetlmm
828 2251 935 2288 certo
953 2247 1158 2288 daturum
1177 2248 1223 2289 in
1242 2248 1573 2289 matrimonium
1593 2248 1771 2302 Bogdan
1789 2249 1992 2290 vaivodae

291 2315 347 2356 M
349 2317 554 2359 oldaviae.

434 2429 690 2471 Alexander
718 2430 801 2471 Dei
826 2430 975 2485 gratia
1000 2445 1080 2473 rex
1108 2431 1334 2480 Poloniae,
1365 2445 1556 2486 magnus
1584 2431 1679 2473 dux
1705 2431 1989 2481 Lithuaniae‚

292 2499 480 2541 Russiae
529 2500 828 2555 Prussiaeque
861 2501 1072 2543 dominus
1104 2506 1148 2543 et
1182 2503 1339 2544 haeres
1371 2507 1454 2544 etc.
1488 2502 1802 2557 Significamus
1833 2507 1991 2544 tenore

290 2570 608 2624 praesentium,
642 2572 807 2626 quibus
838 2573 1035 2627 expedit,
1069 2573 1300 2615 universis.
1332 2573 1448 2627 Quia
1479 2573 1538 2614 ad
1569 2573 1653 2614 Dei
1675 2578 1719 2614 et
1741 2572 1990 2615 Salvatoris
2005 2583 2041 2609 30

290 2641 433 2682 nostri
458 2641 675 2683 honorem
701 2647 745 2684 et
771 2643 961 2698 gloriam
997 2657 1195 2698 suaeque
1226 2643 1330 2685 fidei
1354 2649 1539 2685 sanctae
1565 2643 1989 2698 multiplicationem

292 2724 343 2751 ac
383 2713 539 2766 populi
580 2714 792 2755 catholici
832 2714 924 2757 imo
963 2715 1113 2756 verius
1155 2714 1406 2757 communis
1447 2714 1791 2756 christianitatis
1831 2720 1990 2757 contra

293 2780 512 2824 immanes
533 2783 702 2825 Turcos
723 2789 767 2826 et
790 2785 1004 2828 Tartaros
1025 2785 1226 2827 eiusdem
1248 2785 1352 2828 fidei
1372 2791 1557 2828 sanctae
1580 2785 1745 2834 hostes,
1768 2784 1988 2828 defensio-

291 2851 360 2892 nis
383 2854 519 2894 robur
541 2859 586 2895 et
611 2860 921 2909 augmentum,
946 2856 1138 2898 scientes
1161 2856 1453 2911 Magnificum
1476 2855 1710 2898 dominum
1729 2855 1987 2909 Johannem

294 2920 483 2975 Bogdan
508 2925 753 2967 vaivodam
779 2927 1034 2969 Moldaviae
1060 2927 1272 2969 acerrime
1297 2931 1455 2969 contra
1480 2939 1680 2981 paganos
1705 2932 1986 2981 pugnantem
2002 2935 2039 2962 35

292 2991 421 3045 eique
455 2994 574 3048 ipsos
609 3009 870 3039 communes
905 2998 1069 3040 Christi
1103 2999 1255 3040 hostes
1289 2998 1402 3039 adeo
1435 2998 1714 3046 insidiantes,
1741 3002 1791 3039 ut
1821 3012 1925 3039 eum
1959 3011 1986 3039 a

292 3061 536 3105 christiana
563 3070 819 3108 averterent
841 3072 886 3109 et
908 3069 976 3110 sui
1004 3068 1253 3110 damnabili
1281 3068 1455 3122 imperii
1483 3068 1586 3123 iugo
1613 3067 1903 3118 subiicerent,
1933 3072 1983 3110 ut

291 3131 430 3186 igitur
454 3135 567 3176 sacri
594 3135 770 3178 foedere
796 3138 1073 3180 matrimonii
1099 3139 1143 3180 in
1170 3139 1257 3181 fide
1282 3138 1538 3180 orthodoxa
1563 3138 1785 3181 contracti
1811 3139 1984 3181 occasio
