2209 3643
286 191 356 234 176
1042 186 1117 221 No.
1144 196 1214 231 137
1750 182 1853 236 [Jan.
1878 197 1975 232 1529

283 321 364 367 est,
394 315 782 359 Reverendissime
809 314 1004 363 domine,
1031 314 1125 355 nisi
1150 314 1231 356 cito
1257 315 1533 370 provideatur
1557 315 1779 370 imprimis
1808 317 1975 358 Temes-

281 402 371 437 var,
405 401 511 428 mox
544 386 632 427 alia
664 399 716 427 ac
751 385 1088 426 Transsilvania
1108 385 1353 439 perdentur,
1387 386 1465 427 ubi
1485 400 1564 441 per
1595 386 1798 441 temporis
1818 387 1976 428 acerbi-

281 463 407 500 tatem
435 457 576 499 licebit
613 470 711 497 mox
749 469 847 496 cum
888 455 1044 496 Turcis
1084 460 1129 497 et
1174 456 1380 498 Valachis
1421 457 1649 498 Temesvar
1687 457 1892 499 obsidebit
1930 461 1975 499 et

281 529 435 583 capiet,
475 526 582 582 quia
620 526 741 567 intra
777 525 1073 581 paucissimos
1111 525 1206 567 dies
1243 527 1444 569 omnibus
1481 527 1739 569 victualibus
1775 528 1977 580 dejicient

281 612 387 639 nam
427 611 573 652 neque
613 610 733 638 nunc
774 601 880 638 sunt
922 596 988 638 ita
1028 597 1159 638 soluti
1199 597 1433 647 obsidione,
1475 602 1526 640 ut
1567 598 1681 640 exire
1719 599 1977 654 pabulatum
2014 616 2030 642 5

281 669 454 724 possint
491 672 614 722 capto
650 667 742 716 illo,
770 667 936 722 reliqua
973 667 1090 709 solus
1125 668 1247 709 Deus
1283 669 1466 710 servabit
1501 669 1733 718 hactenus,
1771 673 1823 711 ut
1860 669 1977 711 Galli

281 740 453 788 dicunt,
487 739 641 791 fratres
673 738 811 780 nostri
844 739 1027 780 fuerunt
1061 739 1315 794 probissimi
1347 744 1391 781 et
1425 740 1780 789 constantissimi,
1814 754 1896 781 nec
1928 740 1977 782 in

279 811 479 862 futurum
515 809 570 851 de
607 809 850 851 senioribus
886 809 1029 850 ullum
1065 809 1126 850 sit
1162 810 1357 859 dubium,
1396 810 1475 851 sed
1510 811 1709 853 iuventus
1746 815 1790 852 et
1826 811 1977 866 vulgus

281 881 532 922 imminente
557 880 672 922 hoste
697 894 777 934 per
802 893 878 921 eos
903 880 976 921 vix
1001 880 1211 922 contineri
1237 881 1390 936 poterit
1404 895 1420 928 ‚·
1451 886 1535 924 etc.

425 951 496 992 Ex
522 951 758 1000 Coloswar,
786 963 854 1006 27.
878 951 1087 1005 Januarii
1113 961 1237 1006 1529.
1994 970 2028 996 ιο

420 1045 647 1089 (Originale.
695 1045 985 1085 StaatsarchiV‚
1029 1045 1156 1079 VVien.
1199 1047 1442 1091 Hungarica.
1498 1047 1661 1081 Edidit:
1714 1047 1862 1081 Archiv
1910 1047 1978 1082 des

280 1105 467 1140 Vereines
500 1105 563 1139 fur
592 1105 939 1150 siebenbijrgische
968 1105 1262 1140 Landeskunde
1293 1106 1370 1139 vol.
1395 1108 1454 1140 26.
1477 1117 1567 1152 pag.
1590 1106 1821 1150 631—633.)

1082 1269 1180 1311 137.

730 1378 786 1432 [I
789 1378 1020 1428 nnsbruck,
1040 1379 1127 1431 fine
1146 1379 1363 1433 januarii
1384 1381 1540 1433 1529]

284 1474 573 1512 Ferdinandus
594 1474 625 1512 Ι.
647 1487 718 1512 rex
739 1474 982 1525 Hungariae
1002 1474 1153 1513 nuntio
1172 1475 1365 1514 Andreae
1385 1474 1658 1526 Mihalewyth
1676 1476 1730 1514 ad
1748 1475 1977 1515 vaivodam
1992 1490 2026 1516 15

941 1533 1169 1572 Valachiae
1201 1534 1340 1573 misso.

427 1631 453 1672 I
455 1632 662 1674 nstructio
690 1632 740 1673 de
767 1633 840 1681 iis,
869 1646 978 1688 quae
1005 1632 1210 1688 Egregius
1241 1633 1441 1674 Andreas
1468 1633 1524 1674 M
1528 1633 1753 1687 ihalewytli
1780 1633 1829 1674 de
1856 1633 1974 1687 szy,

281 1703 466 1744 nuntius
491 1707 633 1744 noster
651 1704 771 1758 apud
788 1703 816 1744 I
817 1704 933 1744 ll'ffl‘m
965 1708 1002 1745 et
1029 1704 1195 1755 fidelem
1214 1704 1337 1745 nobis
1367 1704 1529 1745 sincere
1546 1704 1748 1745 dilectum
1762 1704 1976 1745 Radulem

282 1773 522 1814 waz'vodam
562 1774 979 1830 Transalpinensem
1016 1779 1159 1817 nostro
1195 1775 1370 1816 nomine
1405 1789 1523 1829 agere
1560 1779 1596 1816 et
1631 1779 1810 1816 tractare
1845 1775 1972 1817 debet.

429 1880 657 1935 Imprimis
706 1885 808 1935 post
858 1881 1086 1922 exhibitas
1134 1881 1308 1922 litteras
1356 1885 1534 1922 nostras
1583 1880 1874 1922 credentiales
1923 1895 1974 1923 ac
1988 1903 2024 1930 20

282 1951 604 1992 salutationem
642 1955 749 2006 apte
785 1955 844 2000 et,
883 1956 934 1993 ut
972 1952 1115 2001 decet,
1154 1951 1324 1994 dictam
1361 1955 1564 1993 nostram
1601 1952 1663 1993 illi
1698 1952 1891 2006 gratiam
1928 1956 1973 1994 et

284 2021 660 2071 benevolentiam,
716 2027 912 2077 exponet
966 2023 1178 2078 quodque
1230 2036 1447 2078 personae
1499 2036 1738 2077 rerumque
1790 2036 1974 2064 suarum

283 2092 642 2134 incolumitatem
685 2097 729 2134 et
772 2093 1123 2148 prosperitatem
1165 2107 1436 2149 magnopere
1479 2093 1797 2135 desideramus.

428 2163 601 2205 Deinde
631 2164 791 2206 referet
823 2164 982 2214 eidem,
1016 2164 1138 2219 quod
1170 2178 1273 2206 curn
1305 2178 1424 2206 anno
1454 2164 1669 2219 superiori
1700 2164 1885 2206 nuntios
1927 2168 1972 2206 et

284 2234 610 2276 commissarios
640 2240 818 2277 nostros
846 2248 981 2290 super
1009 2235 1119 2277 dato
1148 2240 1192 2277 et
1223 2236 1359 2277 misso
1388 2235 1744 2276 salvoconductu
1775 2235 1833 2276 ad
1861 2235 1972 2276 Tur-
1987 2258 2026 2284 25

282 2317 435 2345 carum
479 2305 713 2347 Caesarem
755 2306 1007 2347 miserimus
1049 2320 1131 2361 pro
1172 2306 1424 2348 tractandis
1466 2305 1739 2360 quibusdam
1781 2305 1972 2360 negotiis

282 2375 447 2416 nostris
470 2380 513 2417 et
538 2376 670 2417 simul
693 2377 900 2418 ineundis
924 2391 1027 2418 cum
1062 2391 1114 2419 eo
1148 2377 1339 2419 induciis
1367 2382 1412 2419 et
1436 2377 1600 2418 unione
1623 2380 1797 2425 mutua,
1822 2376 1972 2418 nuntii

283 2459 390 2487 vero
419 2447 576 2495 nostri,
608 2447 723 2489 sicut
754 2452 851 2489 tarn
882 2448 1021 2503 ipsius
1050 2448 1296 2497 waivodae,
1330 2462 1468 2502 quam
1498 2447 1586 2489 fide
1616 2447 1752 2502 digno
1781 2447 1972 2488 aliorum

284 2516 543 2558 testimonio
589 2517 906 2568 intelleximus,
955 2519 1013 2560 ab
1059 2519 1216 2560 eodem
1263 2519 1409 2560 Turco
1454 2518 1619 2560 retenti
1665 2522 1710 2559 et
1756 2517 1973 2572 prohibiti

285 2586 464 2635 fuerint,
495 2588 736 2642 quominus
764 2589 885 2630 exire
913 2594 993 2631 aut
1023 2590 1183 2631 saltem
1225 2603 1290 2639 ea,
1321 2603 1437 2644 quae
1465 2603 1598 2644 super
1625 2588 1781 2643 petitis
1808 2588 1974 2629 nostris
1989 2611 2024 2637 30

283 2656 329 2697 in
364 2658 585 2712 responsis
621 2664 902 2714 acceperant,
938 2660 1231 2715 animumque
1265 2661 1436 2702 Turcae
1470 2660 1542 2701 vel
1576 2659 1794 2714 quidnam
1828 2658 1974 2699 facere

286 2731 366 2768 aut
396 2728 604 2770 omittere
632 2730 741 2771 velit
770 2730 1002 2772 notificare
1030 2735 1226 2786 possent.

430 2798 731 2841 Nihilominus
763 2806 917 2842 autem
950 2802 1043 2856 ipse
1075 2802 1260 2850 Turcus,
1294 2814 1384 2842 non
1416 2800 1574 2841 habito
1604 2797 1972 2840 salviconductus

286 2867 401 2908 illius
434 2874 639 2923 respectu
671 2875 715 2912 et
748 2871 869 2912 ultra
901 2872 1110 2913 detentos
1141 2884 1277 2926 penes
1309 2884 1354 2912 se
1386 2874 1544 2911 contra
1575 2869 1710 2910 fidem
1742 2868 1971 2923 publicam

287 2938 469 2979 nuntios
493 2943 684 2989 nostros,
711 2941 822 2982 nihil
846 2955 936 2983 non
962 2942 1007 2983 in
1032 2955 1113 2983 nos
1138 2946 1182 2982 et
1208 2941 1414 2982 subditos
1439 2944 1616 2981 nostros
1641 2943 1746 2993 agat
1772 2943 1816 2980 et
1843 2953 1972 2993 agere
1987 2963 2026 2989 35

286 3020 376 3047 non
409 3013 564 3058 cesset,
598 3011 720 3064 quod
752 3011 1050 3053 hostilitatem
1083 3016 1127 3053 et
1161 3015 1369 3066 apertum
1401 3010 1567 3051 bellum
1600 3023 1783 3063 arguere
1814 3010 1971 3064 possit,

286 3076 422 3118 immo
460 3092 566 3120 vero
603 3080 915 3123 deliberaverit
954 3095 1034 3123 nos
1072 3086 1116 3123 et
1154 3094 1328 3123 sacram
1365 3080 1487 3134 regni
1524 3080 1666 3121 nostri
1705 3080 1971 3134 Hungariae

288 3159 498 3188 coronam
534 3149 755 3199 omnibus,
792 3151 956 3205 quibus
990 3156 1140 3206 potest
1163 3151 1336 3193 viribus
1357 3155 1401 3192 et
1436 3150 1643 3205 potentia
1677 3149 1735 3191 ad
1769 3150 1974 3192 futuram
