2209 3643
308 226 381 262 244
1066 213 1142 247 No.
1166 223 1237 257 203
1680 210 1752 264 [16.
1775 215 1869 249 Dec.
1895 225 1999 260 1534,

309 346 367 388 ab
396 359 555 387 occasu
584 342 811 391 Ruthinis,
847 341 924 397 qui
951 341 1036 383 sub
1064 341 1233 384 ditione
1262 343 1540 385 Polonorum
1566 347 1672 385 sunt
1694 357 1703 394 ;
1732 344 1790 386 ab
1818 348 1920 386 ortu
1948 349 1994 386 et

309 416 492 458 meridie
534 415 670 456 habet
715 414 913 455 Pontum
956 412 1187 454 Euxinum
1230 417 1275 455 et
1318 413 1714 469 Transalpinenses
1755 415 1992 464 Valachos,

310 500 501 541 quorum
542 489 642 526 tota
683 483 802 538 regio
845 483 1005 525 dextro
1058 483 1197 525 latere
1255 484 1431 526 obiecta
1473 484 1666 527 Moesiae
1707 485 1994 527 interfluente

309 556 520 600 Danubio
550 560 792 609 utramque
823 568 850 595 a
881 554 1125 596 contractis
1158 554 1263 596 Istri
1294 555 1515 610 procurrit
1549 569 1650 597 cum
1682 556 1779 611 ipso
1809 556 1993 598 flumine

309 630 398 670 tere
419 626 478 668 ad
500 626 713 674 Pontum,
737 624 983 666 interiectis
1004 625 1062 666 ab
1084 629 1187 667 ortu
1208 625 1355 667 estivo
1377 626 1619 681 paludibus
1640 627 1863 676 maximis,
1881 641 1993 682 quas
2031 641 2055 666 s

310 701 426 742 Ister
455 697 623 739 efficit:
656 696 828 750 reliqua
858 696 1089 738 montibus
1119 696 1473 752 Transylvaniae
1504 697 1757 752 cinguntur,
1788 698 1873 739 nisi
1904 711 1994 753 qua

308 768 583 813 Moldaviam
619 767 818 822 attingit.

453 840 507 881 In
534 838 841 893 Transalpinis
869 838 1005 893 igitur
1032 852 1135 880 cum
1162 838 1398 893 singularis
1425 838 1609 881 virtutis
1637 839 1940 895 Hieronymus
1968 852 1995 880 a

308 913 449 954 Lasco
472 924 544 952 me
566 909 840 959 retinuisset,
865 922 972 950 mox
996 908 1298 951 intelleximus
1321 913 1505 951 tantum
1529 910 1696 959 abesse,
1722 914 1773 952 ut
1797 910 1995 952 vaivoda

309 982 459 1025 Radul
485 981 722 1036 imperium
747 981 996 1022 Tuscorum
1020 980 1154 1022 vellet
1181 980 1343 1035 exequi
1369 980 1549 1035 regique
1570 981 1738 1035 Joanni
1763 981 1995 1036 suppetias
2012 993 2052 1021 ιο

309 1057 423 1096 esset
467 1052 656 1101 laturus,
706 1056 757 1093 ut
797 1051 855 1093 ad
893 1051 1032 1106 ipsius
1068 1051 1311 1106 perniciem
1349 1064 1395 1092 se
1432 1065 1534 1093 cum
1572 1065 1672 1107 rege
1709 1052 1995 1094 Ferdinando

309 1123 612 1167 coniunxisset
646 1136 698 1164 ac
731 1127 845 1164 esset
879 1126 1040 1177 pactus
1073 1122 1221 1177 ipsum
1253 1122 1411 1164 vivum
1444 1123 1621 1164 tradere
1654 1123 1789 1165 Petro
1822 1123 1993 1172 Pereni,

309 1196 385 1251 qui
408 1200 508 1237 tum
531 1199 626 1236 erat
650 1193 1005 1249 Transylvaniae
1026 1193 1236 1235 vaivoda.
1263 1194 1323 1235 Et
1347 1192 1438 1234 iam
1461 1193 1653 1235 adhibiti
1676 1198 1804 1236 erant
1828 1193 1996 1235 oratori

310 1266 532 1315 custodes,
557 1265 634 1320 qui
657 1265 734 1306 diu
755 1268 985 1319 noctuque
1006 1264 1155 1319 ipsum
1177 1265 1482 1314 observarent,
1505 1278 1561 1306 ne
1583 1278 1674 1319 quo
1694 1269 1829 1320 pacto
1851 1264 1995 1306 elabe-

308 1342 443 1380 retur.
469 1336 657 1379 Interim
680 1336 950 1377 admonetur
971 1335 1086 1377 clam
1108 1349 1187 1391 per
1207 1339 1401 1384 noctem,
1418 1340 1469 1377 ut
1492 1336 1828 1390 quamprimum
1850 1335 1994 1390 fugiat
2012 1347 2057 1373 ιε»

309 1410 353 1451 in
371 1408 594 1458 Turciam,
605 1421 656 1449 eo
671 1412 854 1448 tantum
871 1411 1026 1462 patere
1041 1407 1209 1462 fugam,
1221 1407 1390 1461 alioqui
1401 1407 1455 1449 de
1473 1406 1570 1462 ipso
1587 1411 1868 1448 transactum
1886 1420 1992 1448 esse.

310 1481 472 1535 Itaque
500 1493 546 1521 re
575 1492 752 1520 mecum
782 1478 1116 1519 communicata
1145 1478 1239 1533 ipse
1268 1491 1371 1519 cum
1399 1491 1490 1519 uno
1520 1478 1696 1527 comite,
1727 1491 1807 1533 ego
1836 1477 1995 1519 itidem

310 1565 411 1593 cum
431 1551 587 1599 altero,
609 1549 687 1604 qui
706 1549 879 1605 peritus
897 1548 1087 1603 regionis
1103 1554 1151 1590 et
1171 1549 1349 1604 linguae
1367 1549 1670 1591 Valachorum
1690 1562 1768 1603 per
1786 1548 1995 1590 Tusciam

309 1636 380 1664 me
410 1621 703 1670 conduxerat,
735 1620 951 1676 postridie
980 1634 1059 1675 per
1088 1633 1214 1675 spem
1245 1620 1458 1662 decursus
1488 1633 1670 1675 campos
1701 1619 1875 1674 egressi,
1908 1619 1995 1660 sin-

309 1693 400 1748 guli
421 1693 652 1735 trahentes
674 1692 870 1747 singulos
891 1705 1030 1746 equos
1053 1691 1318 1733 desultorios
1340 1691 1456 1733 inter
1470 1690 1711 1740 custodias,
1729 1704 1845 1745 quae
1859 1690 1993 1745 pluri·
2010 1702 2057 1728 20-

310 1765 394 1806 bus
433 1764 478 1805 in
517 1763 624 1805 locis
663 1763 848 1812 fiebant,
890 1776 1021 1804 cursu
1061 1762 1326 1804 citatissimo
1366 1762 1504 1817 elapsi
1543 1761 1800 1816 emensique
1840 1761 1995 1816 paucis

310 1835 430 1877 horis
449 1835 565 1876 inter
585 1838 803 1889 quattuor
823 1834 995 1875 dierum
1016 1833 1268 1888 Nicopolim
1289 1833 1333 1874 in
1354 1833 1611 1875 ulteriorem
1630 1833 1775 1887 ripam
1796 1831 1995 1874 Danubii

311 1906 547 1948 evasimus.
586 1905 698 1947 Inde
732 1905 922 1947 mutatis
956 1904 1081 1959 equis
1117 1904 1554 1959 Constantinopolim
1589 1903 1779 1959 profecti
1826 1903 1884 1944 ad
1931 1902 1995 1944 di-

311 1977 562 2019 sturbanda
610 1976 791 2031 negotia
839 1975 1112 2017 Ferdinandi
1171 1975 1299 2029 regis,
1350 1975 1619 2016 offendimus
1666 1974 1760 2016 eius
1796 1978 1995 2015 oratores

310 2052 407 2089 tum
429 2047 701 2089 familiatum
722 2047 809 2088 alio
830 2050 1055 2102 apparatu
1074 2046 1346 2101 splendidos,
1369 2046 1493 2101 quod
1511 2059 1603 2087 non
1623 2045 1821 2087 habebat
1842 2049 1995 2086 noster
2009 2056 2054 2082 25-

310 2124 460 2160 orator
498 2123 659 2174 utpote
699 2118 877 2173 profugi
916 2117 1029 2172 regis
1068 2122 1112 2159 et
1152 2117 1306 2158 exulis.
1348 2117 1647 2159 Vehementer
1685 2130 1766 2158 nos
1804 2115 1995 2171 pecunia

310 2190 572 2245 magnisque
596 2189 998 2245 pollicitationibus
1022 2188 1364 2243 oppugnabant,
1391 2188 1488 2229 voti
1512 2187 1667 2242 procul
1691 2186 1829 2229 dubio
1853 2186 1995 2228 futuri

311 2265 555 2315 compotes,
594 2260 631 2302 si
670 2260 974 2315 Hieronymus
1013 2260 1068 2301 de
1106 2259 1247 2300 Lasco
1286 2263 1446 2314 captus
1484 2258 1529 2300 in
1568 2258 1783 2300 Valachia
1822 2257 1993 2306 fuisset,

311 2331 446 2385 quod,
473 2345 607 2386 quem
632 2331 804 2373 Turcus
828 2331 1084 2372 restitueret
1111 2330 1156 2371 in
1181 2343 1368 2384 regnum
1393 2343 1445 2371 ac
1470 2329 1742 2378 defenderet,
1768 2342 1994 2383 nusquam

311 2402 538 2443 videretur
556 2402 760 2451 existere,
781 2402 839 2443 ad
858 2415 993 2456 quem
1011 2415 1066 2442 ne
1085 2401 1182 2442 avis
1201 2400 1384 2455 quidem
1403 2400 1614 2442 advolare
1633 2404 1797 2455 posset,
1819 2399 1994 2441 conclu—
2011 2408 2056 2435 θον

311 2485 410 2514 sum
428 2473 598 2514 ultimis
616 2473 822 2528 partibus
841 2477 1062 2514 terrarum
1080 2472 1232 2526 ibique
1251 2485 1341 2513 non
1360 2471 1512 2526 magni
1530 2471 1747 2512 momenti
1765 2483 1858 2512 esse
1879 2483 1887 2520 ;
1908 2474 1991 2511 etc.

457 2544 554 2585 Rex
596 2557 728 2598 porro
769 2557 952 2585 causam
992 2547 1154 2584 nactus
1196 2543 1253 2584 ob
1294 2548 1487 2584 mortem
1527 2541 1749 2584 vaivodae
1789 2540 1992 2589 Bathori‚

312 2613 432 2655 misit
464 2614 719 2656 Emericum
758 2614 977 2657 Cibakum
1008 2614 1267 2669 episcopum
1298 2613 1618 2655 Varadiensem
1649 2612 1695 2653 in
1724 2611 1994 2666 Transylva-

312 2683 448 2733 niam,
469 2689 519 2726 ut
540 2685 601 2726 ibi
620 2684 837 2726 factiones
857 2684 1138 2739 Hungaricas
1157 2684 1512 2739 transplantaret
1535 2697 1542 2725 :
1563 2682 1819 2738 provideret
1839 2681 1991 2730 etiam,

312 2767 369 2795 ne
393 2755 502 2809 quid
526 2755 565 2796 ei
588 2755 837 2797 subsidium
862 2756 1045 2797 daretur
1068 2769 1145 2797 seu
1158 2754 1457 2810 Transylvani
1480 2753 1704 2808 stipendia
1727 2752 1810 2794 sub
1835 2752 1992 2806 guber—
2008 2761 2056 2787 85-

312 2828 470 2866 natore
499 2826 726 2876 facerent;
771 2826 979 2868 omnibus
1019 2826 1213 2880 denique
1251 2825 1396 2866 modis
1436 2824 1715 2866 adniteretur
1756 2822 1993 2877 infringere

313 2908 364 2935 ac
393 2895 565 2937 elevare
594 2896 920 2938 authoritatem
949 2897 1100 2951 ipsius.
1128 2896 1258 2945 Sunt,
1288 2895 1366 2949 qui
1394 2908 1541 2949 regem
1569 2897 1798 2942 excusent,
1829 2893 1874 2934 id
1902 2907 1993 2934 non

314 2965 466 3007 fecisse
501 2966 602 3007 odio
635 2967 961 3020 gubernatoris,
996 2967 1075 3008 sed
1107 2979 1213 3007 suae
1246 2964 1500 3007 securitatis
1534 2977 1694 3014 causa,
1729 2968 1994 3018 praetextus

314 3039 466 3075 autem
492 3036 577 3077 fuit
602 3036 718 3077 illius
743 3037 787 3077 in
812 3037 1187 3092 Transylvaniam
1212 3035 1438 3084 mittendi,
1464 3034 1622 3076 timere
1657 3047 1805 3088 regem
1841 3034 1992 3076 incon-

314 3105 531 3145 stantiam
557 3110 601 3147 et
627 3107 861 3160 perfidiam
888 3107 1009 3148 Petri
1034 3106 1256 3148 vaivodae
1282 3104 1548 3146 Moldaviae.
1577 3105 1649 3146 Ad
1673 3105 1757 3146 hoc
1782 3104 1992 3160 Transyl-
2008 3113 2057 3139 40>

315 3179 655 3229 vanos‘suapte
693 3181 857 3218 natura
895 3177 1094 3226 mobiles,
1135 3175 1397 3231 praesertim
1434 3175 1616 3224 Siculos,
1658 3189 1770 3230 quos
1808 3179 1991 3224 vocant,
