2209 3643
190 213 247 246 19.
270 203 364 238 Dec.
391 197 500 252 1530]
947 202 1022 237 No.
1048 203 1114 237 181
1806 215 1876 239 221

188 336 351 389 Itaque
387 332 589 388 supplico
626 325 691 374 Mti
717 332 820 381 Vm,
858 333 967 374 velit
995 333 1158 374 litteris
1190 333 1282 375 suis
1318 334 1551 376 adhortari
1584 334 1722 376 Suam
1760 333 1878 385 M‘ffi,

186 410 237 448 ut
255 419 337 460 pro
354 406 521 446 honore
538 417 619 445 suo
637 408 681 445 et
700 403 780 444 filii
798 403 865 444 sui
884 404 1097 458 famaque
1114 404 1247 453 bona,
1270 405 1392 459 apud
1410 418 1514 447 suos
1531 409 1576 447 et
1595 405 1717 461 apud
1735 410 1880 447 exter-

186 490 268 519 nos
287 475 582 530 assequenda,
603 487 720 530 quae
738 487 828 516 non
849 479 915 515 est
937 475 995 516 ab
1015 475 1225 516 omnibus
1243 475 1513 518 mortalibus
1532 476 1879 526 contemnenda,

186 547 295 590 velit
329 545 542 588 adhibere
569 558 752 601 operam
780 550 824 586 et
853 545 1181 588 authoritatem
1215 560 1359 596 suam,
1394 551 1445 588 ut
1478 547 1583 589 talis
1610 547 1771 589 modus
1804 547 1879 589 de—

152 630 169 656 5
186 617 400 661 tensionis
419 616 738 666 constituatur,
759 620 810 657 ut
830 620 874 657 et
894 616 1050 658 ablata
1068 631 1146 672 per
1165 617 1341 658 hostem
1362 617 1525 659 iterum
1545 622 1878 674 recuperentur,

185 689 344 744 iusque
385 687 626 729 iurandum
668 687 726 728 ab
766 687 863 742 ipso
904 687 1125 729 violatum
1168 688 1416 743 foedusque
1448 694 1635 744 ruptum
1676 694 1879 732 transeat

186 773 277 803 non
311 759 618 814 impunitum;
654 763 738 800 etc.

331 831 504 872 Datum
532 828 832 878 Piotrcoviae,
863 840 928 883 19.
958 829 1233 871 Decembris.
1263 830 1397 871 Anno
1427 841 1551 883 1530.

599 924 714 967 (Acta
743 923 975 957 Tomiciana
1004 924 1081 958 vol.
1115 924 1211 957 XII.
1243 935 1331 969 pag.
1365 924 1466 969 386.)

132 1079 168 1105 ιο
983 1063 1081 1104 181.

674 1173 879 1222 ΚναΙεόῑω,
905 1186 973 1227 19.
999 1174 1246 1215 Decembris
1270 1186 1396 1227 1530.

181 1265 369 1316 Joannes
388 1264 566 1303 Lewicki
583 1264 809 1303 canonicus
827 1264 1200 1315 PlocensisJoanni
1218 1265 1423 1304 Dantisco
1441 1265 1637 1317 episcopo
1653 1265 1878 1305 Culmensi.

330 1363 395 1404 De
425 1363 668 1417 irruptione
697 1362 900 1404 vaivodae
930 1362 1182 1403 Moldaviae
1212 1362 1261 1403 in
1286 1362 1520 1404 Polom'am
1548 1363 1676 1415 jacta.

332 1468 583 1510 Conventio
615 1468 765 1523 agitur
797 1467 1097 1523 Pyotrcoviae
1129 1472 1173 1509 et
1217 1468 1343 1510 venit
1388 1468 1492 1510 illuc
1536 1469 1723 1511 nuntius
1763 1463 1879 1512 Sermi

133 1553 169 1579 15
186 1539 357 1581 domini
377 1539 491 1594 regis
515 1539 788 1580 Ferdinandi
812 1538 870 1580 ad
905 1539 1214 1580 consumanda
1245 1539 1397 1580 omnia
1429 1539 1518 1589 illa,
1555 1554 1671 1595 quae
1700 1541 1881 1583 fuerant

187 1610 439 1653 Posnaniae
476 1610 699 1652 conclusa.
740 1610 962 1651 Dominus
998 1609 1136 1663 igitur
1168 1610 1369 1664 Joannes
1407 1610 1543 1652 Laski
1580 1611 1880 1667 praepositus,

186 1681 312 1723 venit
327 1695 382 1723 ex
397 1685 526 1736 parte
541 1680 790 1722 voievodae
805 1680 864 1722 ad
878 1680 1237 1722 consummanda
1251 1681 1423 1730 eadem,
1437 1681 1516 1723 sed
1530 1682 1601 1724 hic
1615 1682 1798 1737 publica
1812 1687 1880 1725 est

186 1766 277 1794 vox
298 1757 342 1794 et
369 1752 507 1801 fama,
535 1751 658 1807 quod
684 1751 907 1793 voievoda
933 1751 989 1792 sit
1017 1756 1179 1806 captus
1205 1756 1249 1792 et
1277 1751 1503 1794 abductus
1528 1753 1751 1794 Viennam
1777 1768 1881 1795 cum

187 1823 279 1865 suis
324 1823 547 1864 omnibus.
596 1823 711 1864 Illmus
746 1822 951 1864 Prussiae
997 1821 1109 1863 dux1
1149 1826 1368 1863 venturus
1413 1827 1481 1864 est
1526 1823 1788 1879 propediem
1822 1824 1882 1866 ad

132 1907 172 1933 ρο
187 1907 287 1935 eam
310 1893 657 1936 conventionem
681 1898 725 1934 et
749 1898 975 1935 tractatur
996 1892 1163 1934 bellum
1187 1898 1346 1934 contra
1367 1894 1633 1943 Valachum‚
1658 1909 1765 1936 narn
1787 1895 1883 1950 ipse

185 1978 306 2006 nunc
336 1979 439 2006 cum
468 1963 624 2006 Turcis
653 1968 698 2006 et
727 1963 928 2005 Tartaris
957 1977 1059 2005 cum
1089 1977 1254 2018 magna
1282 1964 1491 2019 potentia
1519 1965 1709 2007 intravit
1739 1970 1884 2007 terras

187 2035 400 2077 Podoliae
434 2040 479 2077 et
514 2034 687 2090 accepit
723 2034 813 2076 iam
848 2034 1070 2076 Pokuczie
1104 2038 1255 2076 totum
1290 2048 1433 2090 usque
1467 2035 1526 2076 ad
1559 2036 1726 2078 limites
1758 2036 1882 2092 regni

187 2105 462 2161 Hungariae.
497 2105 727 2148 Tentabat
762 2105 901 2146 etiam
936 2105 1104 2162 fraude,
1128 2105 1359 2160 Leopolim
1394 2111 1438 2148 et
1474 2106 1766 2156 Camieniecz,
1803 2107 1882 2148 sed

185 2190 277 2218 non
312 2177 518 2232 profecit,
555 2190 662 2218 nam
698 2176 951 2231 proditores
987 2175 1106 2217 cives
1143 2176 1533 2218 Cameneczienses
1568 2177 1770 2232 primarii
1807 2178 1882 2220 de-

130 2261 169 2287 25
186 2247 297 2290 tecti
325 2252 431 2289 sunt
459 2252 504 2289 et
533 2260 701 2302 poenas
729 2247 974 2288 solverunt.
1008 2247 1109 2301 Ipse
1138 2251 1292 2287 autem
1320 2247 1549 2289 Valachus
1576 2253 1808 2303 grassatur
1837 2249 1884 2290 in

186 2318 316 2360 terris
351 2317 578 2367 Podoliae,
627 2317 782 2359 fractis
817 2317 963 2372 pactis
996 2322 1041 2358 et
1077 2316 1344 2358 iuramentis
1378 2318 1602 2368 omnibus,
1639 2323 1683 2360 et
1719 2319 1784 2361 ita
1817 2319 1880 2360 nil

186 2388 309 2431 aliud
341 2402 573 2444 speramus
605 2402 687 2443 pro
719 2392 906 2436 aestate,
931 2387 1015 2429 nisi
1048 2388 1215 2429 bellum
1248 2387 1429 2443 ubique.
1466 2389 1577 2430 Cum
1610 2389 1882 2444 imperatore

186 2459 325 2501 etiam
347 2460 596 2501 Turcarum
619 2459 914 2514 exspirabunt
937 2463 1121 2512 treugae
1143 2457 1267 2513 pacis
1289 2459 1373 2500 hoc
1408 2472 1528 2501 anno
1549 2473 1558 2509 ;
1589 2459 1626 2500 si
1648 2465 1780 2502 erunt
1805 2474 1884 2515 pa-

186 2530 275 2572 rati
302 2535 347 2572 et
377 2530 618 2572 concordes
646 2529 879 2571 christiani
907 2529 1144 2583 principes,
1175 2542 1265 2569 non
1294 2528 1460 2570 erimus
1487 2543 1569 2571 nos
1596 2531 1878 2585 posteriores.

131 2614 170 2640 30
188 2601 248 2642 Et
272 2600 362 2642 iam
386 2614 486 2643 ecce
509 2600 742 2656 praeludia
765 2600 874 2641 facit
899 2600 938 2640 V
941 2599 1125 2640 alachus
1148 2613 1251 2640 cum
1274 2599 1476 2641 Tartaris
1499 2605 1543 2642 et
1567 2600 1723 2643 Turcis
1746 2615 1881 2656 quae—

187 2684 288 2713 rens
315 2671 595 2713 occasionem
623 2671 839 2712 adversus
865 2683 947 2711 nos
974 2674 1018 2711 et
1046 2669 1137 2711 iam
1164 2669 1338 2711 invenit
1360 2684 1369 2720 ;
1398 2674 1483 2712 etc.

333 2742 507 2783 Datum
532 2741 788 2790 Cracoviae,
819 2753 884 2794 19.
913 2740 1174 2782 Decembris
1201 2751 1324 2793 1530.

336 2859 560 2904 (Originale.
584 2859 835 2893 Bibliotheca
855 2869 913 2903 pr.
935 2858 1201 2903 Czartoryski,
1221 2858 1406 2892 Krakow.
1430 2859 1564 2893 Codex
1588 2869 1696 2904 1595.
1719 2859 1793 2894 No.
1817 2862 1878 2894 60.

189 2918 353 2952 Edidit:
377 2918 480 2952 Acta
501 2918 731 2952 Tomiciana
752 2918 829 2951 vol.
856 2917 951 2950 XII.
976 2927 1064 2961 pag.
1090 2917 1191 2961 388.)

330 3082 343 3103 ¹
369 3082 601 3128 Joachimus
633 3084 664 3118 Ι.
695 3083 841 3117 Nestor
873 3083 1172 3127 (1499—1535.)
