2209 3643
187 225 249 249 22.
272 215 367 250 Maii
390 209 500 264 1531]
954 213 1028 248 N0.
1055 214 1124 256 189
1812 225 1886 261 227

186 349 309 387 stare
342 358 520 387 necesse
554 349 635 387 est.
672 344 732 386 Et
767 345 866 393 hoc,
901 358 956 386 ex
990 345 1074 386 hoc
1108 344 1360 387 iudicamus
1394 349 1563 400 aperte,
1598 345 1722 401 quod
1755 345 1884 387 iussit

185 416 386 458 vaivoda
423 415 824 470 Transalpinarum
864 415 986 457 viam
1025 416 1200 458 occludi
1238 416 1322 458 sub
1361 429 1507 472 poena
1545 416 1788 472 suspendii,
1828 429 1885 458 ne

184 486 255 528 sui
275 486 448 529 subditi
471 486 624 542 aliqua
646 486 938 528 mercimonia
960 487 1032 528 vel
1053 487 1140 528 alia
1171 487 1383 536 educant,
1411 501 1492 529 nec
1532 487 1685 530 fideles
1713 487 1885 529 domini

186 557 329 599 nostri
382 562 427 599 et
468 557 734 613 praesertim
777 557 1065 607 Cihinienses,
1109 558 1280 612 ingredi
1327 572 1408 613 pro
1449 572 1604 600 eorum
1645 558 1884 601 commodo

149 641 170 666 5
186 628 385 677 valeant,
419 628 498 677 ita,
532 632 583 670 ut
616 628 706 669 iarn
738 628 863 670 nulla
894 628 1087 670 facultas
1120 629 1446 671 mercatoribus
1478 629 1685 672 fidelibus
1717 629 1884 685 Regiae

187 693 269 740 Mtis
286 699 458 741 domini
487 698 630 741 nostri
660 699 868 754 supersit,
889 699 1011 754 quod
1030 704 1136 741 ante
1155 699 1306 741 omnia
1323 699 1427 741 huic
1445 699 1623 742 civitati
1642 700 1884 742 molestum

183 774 252 811 est
275 784 283 819 ;
313 773 397 811 etc.

331 841 514 883 Miserat
556 840 755 883 vaivoda
796 841 1197 896 Transalpinarum
1238 841 1443 884 similiter
1484 846 1709 884 oratorem
1750 856 1883 884 suum

184 925 239 953 ex
260 911 480 953 mandato
501 912 701 954 Caesaris
720 912 984 961 Turcarum,
1007 912 1083 967 qui
1104 912 1309 954 similiter
1329 912 1387 954 ad
1407 926 1675 955 consensum
1691 913 1882 968 Joannis

128 995 167 1022 ιο
183 996 265 1024 nos
311 982 572 1032 inducebat,
620 987 672 1024 ut
720 982 782 1024 illi
828 996 1026 1024 essemus
1072 983 1346 1025 obedientes.
1395 983 1568 1025 Tamen
1614 983 1882 1026 fidelitatem

182 1058 405 1108 perpetuo
429 1067 608 1096 servare
633 1054 857 1102 volumus,
884 1068 965 1096 nec
1002 1068 1205 1109 unquam
1231 1054 1418 1096 deficere
1444 1068 1470 1096 a
1494 1054 1569 1096 Mte
1599 1054 1690 1097 Sua
1714 1055 1880 1104 animo,

182 1124 319 1166 modo
352 1124 470 1166 vires
503 1124 763 1174 sufficiant;
800 1129 884 1166 etc.

330 1195 630 1250 Intelligimus
668 1195 807 1237 etiam
849 1195 1066 1237 Imbraim
1105 1195 1286 1237 bassam
1325 1195 1564 1238 simulcum
1603 1196 1700 1238 aliis
1738 1196 1882 1238 bassis

182 1271 227 1308 et
257 1266 469 1315 sandsak,
512 1266 590 1321 qui
629 1271 736 1308 sunt
771 1266 830 1308 ad
859 1266 1123 1308 Danubium
1152 1267 1273 1308 ultra
1300 1271 1452 1321 partes
1480 1267 1882 1322 Transalpinarum

127 1349 166 1376 15
182 1337 333 1379 officia
362 1342 583 1386 tenentes,
615 1337 800 1379 omnino
829 1337 943 1379 velle
972 1337 1199 1392 insurgere
1228 1342 1273 1379 et
1302 1338 1421 1379 bello
1450 1338 1508 1379 ad
1536 1342 1690 1393 partes
1718 1339 1881 1380 Trans-

182 1408 382 1449 silvanas
422 1408 575 1450 venire
628 1422 875 1463 cogereque
915 1422 1066 1450 secum
1107 1408 1352 1450 vaivodam
1392 1408 1794 1464 Transalpinorum
1835 1413 1880 1451 et

183 1478 441 1520 Moldaviae
486 1479 641 1520 venire
680 1483 839 1520 contra
878 1492 973 1527 nos,
1015 1483 1059 1520 et
1100 1478 1178 1534 qui
1216 1492 1290 1520 eos
1329 1493 1463 1533 super
1500 1479 1585 1521 hoc
1624 1480 1880 1521 consultare

183 1549 424 1599 intellexit,
459 1549 691 1591 existimat
723 1563 853 1605 posse
885 1549 979 1592 fieri
1022 1549 1272 1592 exercitum
1303 1550 1552 1592 Tuscorum
1583 1554 1628 1592 et
1659 1551 1879 1593 Valacho-

183 1634 285 1662 rum
317 1620 375 1662 ad
405 1634 646 1662 numerum
677 1620 914 1675 sexaginta
945 1620 1132 1662 milium.
1166 1620 1366 1675 Fingunt
1398 1625 1552 1662 autem
1583 1634 1629 1662 se
1660 1621 1878 1676 bipertiri,

125 1705 166 1731 20
183 1695 235 1733 ut
258 1705 351 1733 una
371 1705 476 1746 pars
497 1696 622 1733 recta
643 1705 779 1746 penes
801 1696 845 1733 et
868 1706 947 1746 per
969 1691 1232 1733 Danubium
1255 1691 1529 1741 ascenderet,
1554 1691 1696 1733 altera
1717 1692 1879 1734 Trans-

183 1762 438 1811 silvaniam,
460 1762 539 1804 sed
559 1762 743 1804 omnino
763 1762 968 1817 cognitor
988 1776 1142 1804 eorum
1162 1762 1323 1804 falsam
1344 1775 1437 1804 esse
1458 1762 1567 1804 dicit
1587 1762 1704 1805 hanc
1724 1777 1878 1805 eorum

182 1832 427 1882 fictionem,
459 1847 541 1875 nec
571 1833 685 1875 velle
715 1833 933 1888 bipertiri,
965 1833 1043 1874 sed
1073 1832 1207 1874 simul
1237 1837 1395 1875 contra
1425 1847 1506 1875 nos
1536 1833 1878 1875 Transsilvanos

182 1903 337 1945 venire
363 1908 408 1946 et
434 1904 580 1959 ipsam
607 1917 827 1958 occupare
852 1903 1249 1945 Transsilvaniam.

336 2010 565 2055 (Originale.
581 2010 870 2049 Staatsarchiv,
888 2010 1014 2044 Wien.
1032 2010 1274 2055 Hungarica.
1292 2010 1432 2045 Edidit
1449 2019 1456 2043 :
1485 2010 1632 2044 Archiv
1659 2011 1728 2045 des
1747 2011 1878 2046 Verei-

121 2069 161 2097 25
180 2080 250 2104 nes
278 2070 342 2104 fur
371 2070 718 2115 siebenbiirgische
747 2070 1041 2104 Landeskunde
1068 2068 1147 2103 vol.
1173 2069 1232 2103 28.
1256 2079 1346 2115 pag.
1372 2070 1602 2114 525—532.)

981 2230 1081 2272 189.

741 2340 890 2389 Szcird,
927 2351 994 2381 22.
1030 2339 1154 2381 Maii
1187 2351 1313 2393 1531.

183 2431 430 2471 Franciscus
463 2431 610 2470 Bebek
642 2431 693 2470 de
728 2430 897 2470 Pelso'cz
938 2442 1078 2468 comes
1119 2430 1347 2469 comitatus
1387 2431 1670 2471 Gomoriensis
1711 2433 1882 2472 senatui

844 2489 1032 2528 civitatis
1067 2490 1215 2528 Kassa.

128 2602 165 2628 30
327 2591 361 2645 J
363 2605 524 2633 oannes
543 2605 616 2633 rex
634 2595 670 2632 et
689 2591 893 2633 vaivodae
912 2590 968 2631 M
970 2589 1164 2632 oldavz‘ae
1183 2594 1220 2631 et
1243 2590 1476 2631 Valaclziae
1495 2590 1653 2632 Szeben
1672 2591 1876 2634 obsident.

329 2695 477 2737 Hodie
520 2699 724 2750 tempore
766 2694 945 2750 prandii
987 2694 1174 2749 quidam
1217 2694 1434 2749 Egregius
1475 2695 1668 2737 servitor
1709 2701 1876 2746 noster,

181 2779 318 2821 quem
353 2779 490 2808 causa
524 2766 790 2821 explorandi
823 2765 1208 2807 Transsilvaniam
1242 2765 1517 2815 miseramus
1559 2766 1706 2815 rediit,
1742 2767 1878 2809 homo

182 2840 332 2878 vester
357 2836 572 2892 magister
594 2836 750 2878 Simon
775 2835 1090 2878 bombardista
1113 2835 1306 2890 propriis
1332 2836 1470 2877 oculis
1496 2836 1626 2885 vidit,
1655 2837 1726 2879 ille
1752 2851 1878 2879 vera-

183 2906 358 2948 cissime
400 2907 531 2949 nobis
575 2907 705 2956 dixit,
751 2907 875 2962 quod
914 2906 1147 2960 Johannes
1189 2906 1407 2948 waiwoda
1451 2907 1685 2948 civitatem
1728 2908 1877 2950 Zeben

122 2989 165 3015 ⁴35
183 2977 431 3032 expugnari
470 2991 590 3019 nunc
630 2978 779 3019 faciet.
819 2977 934 3019 Sunt
975 2976 1094 3018 enim
1134 2976 1179 3017 in
1219 2976 1295 3017 illa
1334 2977 1621 3032 expeditione
1659 2978 1878 3020 waiwoda

182 3047 501 3089 Moldaviensis
539 3062 642 3089 cum
680 3048 806 3102 equis
844 3047 963 3088 mille
1001 3051 1046 3088 et
1080 3046 1297 3088 waiwoda
1335 3048 1590 3103 Havase1y1
1611 3062 1713 3090 cum
1751 3049 1877 3104 equis

325 3200 338 3219 1
359 3201 484 3245 Lege:
521 3200 737 3240 Havaseli;
772 3201 876 3234 idest
908 3200 1137 3234 Valachiae.
