<?xml version="1.0" encoding="UTF-8"?>
<!DOCTYPE html PUBLIC "-//W3C//DTD XHTML 1.0 Transitional//EN"
    "http://www.w3.org/TR/xhtml1/DTD/xhtml1-transitional.dtd">
<html xmlns="http://www.w3.org/1999/xhtml" xml:lang="en" lang="en">
 <head>
  <title>
</title>
<meta http-equiv="Content-Type" content="text/html;charset=utf-8" />
  <meta name='ocr-system' content='tesseract 3.04.00' />
  <meta name='ocr-capabilities' content='ocr_page ocr_carea ocr_par ocr_line ocrx_word'/>
</head>
<body>
  <div class='ocr_page' id='page_1' title='image "actaetepistolaer01vereuoft_0206.png"; bbox 0 0 2209 3643; ppageno 0'>
   <div class='ocr_carea' id='block_1_1' title="bbox 89 2597 226 2636">
    <p class='ocr_par' dir='ltr' id='par_1_1' title="bbox 89 2597 226 2636">
     <span class='ocr_line' id='line_1_1' title="bbox 89 2597 226 2636; baseline 0 -10"><span class='ocrx_word' id='word_1_1' title='bbox 89 2606 136 2635; x_wconf 84' lang='lat'>30.</span> <span class='ocrx_word' id='word_1_2' title='bbox 160 2597 226 2636; x_wconf 80' lang='lat' dir='ltr'>Jan.</span> 
     </span>
    </p>
   </div>
   <div class='ocr_carea' id='block_1_2' title="bbox 301 197 1968 252">
    <p class='ocr_par' dir='ltr' id='par_1_2' title="bbox 301 197 1968 252">
     <span class='ocr_line' id='line_1_2' title="bbox 301 197 1968 252; baseline -0.001 -13"><span class='ocrx_word' id='word_1_3' title='bbox 301 205 347 239; x_wconf 83' lang='lat'>82</span> <span class='ocrx_word' id='word_1_4' title='bbox 1039 200 1114 236; x_wconf 90' lang='lat' dir='ltr'>No.</span> <span class='ocrx_word' id='word_1_5' title='bbox 1140 211 1210 245; x_wconf 88' lang='lat'>139</span> <span class='ocrx_word' id='word_1_6' title='bbox 1660 197 1709 252; x_wconf 88' lang='lat'>[5.</span> <span class='ocrx_word' id='word_1_7' title='bbox 1731 202 1845 237; x_wconf 86' lang='lat' dir='ltr'><strong>Febr.</strong></span> <span class='ocrx_word' id='word_1_8' title='bbox 1870 212 1968 247; x_wconf 88' lang='lat'>1529</span> 
     </span>
    </p>
   </div>
   <div class='ocr_carea' id='block_1_3' title="bbox 274 329 2023 1081">
    <p class='ocr_par' dir='ltr' id='par_1_3' title="bbox 276 329 1967 386">
     <span class='ocr_line' id='line_1_3' title="bbox 276 329 1967 386; baseline -0.001 -11"><span class='ocrx_word' id='word_1_9' title='bbox 276 334 386 375; x_wconf 91' lang='lat' dir='ltr'>dum</span> <span class='ocrx_word' id='word_1_10' title='bbox 411 334 493 375; x_wconf 86' lang='lat' dir='ltr'>erit</span> <span class='ocrx_word' id='word_1_11' title='bbox 530 332 686 374; x_wconf 91' lang='lat' dir='ltr'>Turcis</span> <span class='ocrx_word' id='word_1_12' title='bbox 709 331 838 372; x_wconf 88' lang='lat' dir='ltr'>nobis</span> <span class='ocrx_word' id='word_1_13' title='bbox 863 330 1021 372; x_wconf 88' lang='lat' dir='ltr'>vicinis</span> <span class='ocrx_word' id='word_1_14' title='bbox 1045 329 1358 380; x_wconf 81' lang='lat' dir='ltr'>existentibus,</span> <span class='ocrx_word' id='word_1_15' title='bbox 1390 344 1601 386; x_wconf 80' lang='lat' dir='ltr'>rogamus</span> <span class='ocrx_word' id='word_1_16' title='bbox 1625 344 1729 386; x_wconf 93' lang='lat' dir='ltr'>ergo</span> <span class='ocrx_word' id='word_1_17' title='bbox 1752 332 1967 374; x_wconf 88' lang='lat' dir='ltr'>Domina-</span> 
     </span>
    </p>

    <p class='ocr_par' dir='ltr' id='par_1_4' title="bbox 276 400 1967 457">
     <span class='ocr_line' id='line_1_4' title="bbox 276 400 1967 457; baseline -0.001 -11"><span class='ocrx_word' id='word_1_18' title='bbox 276 405 422 446; x_wconf 88' lang='lat' dir='ltr'>tiones</span> <span class='ocrx_word' id='word_1_19' title='bbox 448 404 533 445; x_wconf 67' lang='lat' dir='ltr'>Vs³⁵</span> <span class='ocrx_word' id='word_1_20' title='bbox 560 401 773 457; x_wconf 77' lang='lat' dir='ltr'>prudenti</span> <span class='ocrx_word' id='word_1_21' title='bbox 814 405 859 442; x_wconf 90' lang='lat' dir='ltr'>et</span> <span class='ocrx_word' id='word_1_22' title='bbox 899 405 1080 442; x_wconf 89' lang='lat' dir='ltr'>maturo</span> <span class='ocrx_word' id='word_1_23' title='bbox 1120 400 1327 443; x_wconf 89' lang='lat' dir='ltr'>adhibito</span> <span class='ocrx_word' id='word_1_24' title='bbox 1359 401 1543 443; x_wconf 90' lang='lat' dir='ltr'>consilio</span> <span class='ocrx_word' id='word_1_25' title='bbox 1570 401 1616 442; x_wconf 91' lang='lat' dir='ltr'>in</span> <span class='ocrx_word' id='word_1_26' title='bbox 1643 402 1836 444; x_wconf 90' lang='lat' dir='ltr'>salutem</span> <span class='ocrx_word' id='word_1_27' title='bbox 1865 416 1967 445; x_wconf 92' lang='lat' dir='ltr'>con-</span> 
     </span>
    </p>

    <p class='ocr_par' dir='ltr' id='par_1_5' title="bbox 275 471 1965 527">
     <span class='ocr_line' id='line_1_5' title="bbox 275 471 1965 527; baseline -0.001 -11"><span class='ocrx_word' id='word_1_28' title='bbox 275 474 668 527; x_wconf 89' lang='lat' dir='ltr'>servationemque</span> <span class='ocrx_word' id='word_1_29' title='bbox 696 471 872 527; x_wconf 79' lang='lat' dir='ltr'>patriae</span> <span class='ocrx_word' id='word_1_30' title='bbox 900 471 1033 513; x_wconf 91' lang='lat' dir='ltr'>huius</span> <span class='ocrx_word' id='word_1_31' title='bbox 1062 471 1336 513; x_wconf 82' lang='lat' dir='ltr'>incumbatis</span> <span class='ocrx_word' id='word_1_32' title='bbox 1365 485 1534 522; x_wconf 89' lang='lat' dir='ltr'>omnes,</span> <span class='ocrx_word' id='word_1_33' title='bbox 1565 486 1719 514; x_wconf 91' lang='lat' dir='ltr'>curam</span> <span class='ocrx_word' id='word_1_34' title='bbox 1746 477 1965 527; x_wconf 82' lang='lat' dir='ltr'>gerentes,</span> 
     </span>
    </p>

    <p class='ocr_par' dir='ltr' id='par_1_6' title="bbox 274 542 2023 669">
     <span class='ocr_line' id='line_1_6' title="bbox 275 542 1962 599; baseline -0.001 -13"><span class='ocrx_word' id='word_1_35' title='bbox 275 559 331 587; x_wconf 87' lang='lat' dir='ltr'>ne</span> <span class='ocrx_word' id='word_1_36' title='bbox 376 558 468 586; x_wconf 90' lang='lat' dir='ltr'>una</span> <span class='ocrx_word' id='word_1_37' title='bbox 512 543 748 585; x_wconf 90' lang='lat' dir='ltr'>nobiscum</span> <span class='ocrx_word' id='word_1_38' title='bbox 810 542 1040 597; x_wconf 90' lang='lat' dir='ltr'>perditum</span> <span class='ocrx_word' id='word_1_39' title='bbox 1091 542 1230 597; x_wconf 87' lang='lat' dir='ltr'>(quod</span> <span class='ocrx_word' id='word_1_40' title='bbox 1275 543 1398 584; x_wconf 92' lang='lat' dir='ltr'>Deus</span> <span class='ocrx_word' id='word_1_41' title='bbox 1443 543 1670 598; x_wconf 80' lang='lat' dir='ltr'>propicius</span> <span class='ocrx_word' id='word_1_42' title='bbox 1716 545 1962 599; x_wconf 83' lang='lat' dir='ltr'>aversetur)</span> 
     </span>
     <span class='ocr_line' id='line_1_7' title="bbox 274 613 2023 669; baseline -0.002 -12"><span class='ocrx_word' id='word_1_43' title='bbox 274 615 400 657; x_wconf 90' lang='lat' dir='ltr'>eatis.</span> <span class='ocrx_word' id='word_1_44' title='bbox 419 614 601 669; x_wconf 88' lang='lat' dir='ltr'>Optime</span> <span class='ocrx_word' id='word_1_45' title='bbox 618 613 766 655; x_wconf 85' lang='lat' dir='ltr'>valete</span> <span class='ocrx_word' id='word_1_46' title='bbox 780 618 960 654; x_wconf 90' lang='lat' dir='ltr'>nostrae</span> <span class='ocrx_word' id='word_1_47' title='bbox 976 613 1227 655; x_wconf 91' lang='lat' dir='ltr'>communis</span> <span class='ocrx_word' id='word_1_48' title='bbox 1243 613 1717 655; x_wconf 88' lang='lat' dir='ltr'>conservationisbene</span> <span class='ocrx_word' id='word_1_49' title='bbox 1732 627 1964 657; x_wconf 79' lang='lat' dir='ltr'>memores,</span> <span class='ocrx_word' id='word_1_50' title='bbox 2006 630 2023 654; x_wconf 84' lang='lat'>5</span> 
     </span>
    </p>

    <p class='ocr_par' dir='ltr' id='par_1_7' title="bbox 420 683 1965 740">
     <span class='ocr_line' id='line_1_8' title="bbox 420 683 1965 740; baseline 0.001 -14"><span class='ocrx_word' id='word_1_51' title='bbox 420 685 490 726; x_wconf 87' lang='lat' dir='ltr'>Ex</span> <span class='ocrx_word' id='word_1_52' title='bbox 522 683 765 725; x_wconf 87' lang='lat' dir='ltr'>Brassovia</span> <span class='ocrx_word' id='word_1_53' title='bbox 796 683 1014 738; x_wconf 87' lang='lat' dir='ltr'>postridie</span> <span class='ocrx_word' id='word_1_54' title='bbox 1045 683 1184 725; x_wconf 87' lang='lat' dir='ltr'>Blasii</span> <span class='ocrx_word' id='word_1_55' title='bbox 1216 683 1426 739; x_wconf 89' lang='lat' dir='ltr'>episcopi.</span> <span class='ocrx_word' id='word_1_56' title='bbox 1460 685 1593 726; x_wconf 90' lang='lat' dir='ltr'>Anno</span> <span class='ocrx_word' id='word_1_57' title='bbox 1624 684 1807 726; x_wconf 91' lang='lat' dir='ltr'>Domini</span> <span class='ocrx_word' id='word_1_58' title='bbox 1840 695 1965 740; x_wconf 86' lang='lat'>1529.</span> 
     </span>
    </p>

    <p class='ocr_par' dir='ltr' id='par_1_8' title="bbox 420 754 1966 810">
     <span class='ocr_line' id='line_1_9' title="bbox 420 754 1966 810; baseline 0 -13"><span class='ocrx_word' id='word_1_59' title='bbox 420 755 558 797; x_wconf 86' lang='lat' dir='ltr'>Ducit</span> <span class='ocrx_word' id='word_1_60' title='bbox 585 768 738 796; x_wconf 91' lang='lat' dir='ltr'>secum</span> <span class='ocrx_word' id='word_1_61' title='bbox 765 754 927 809; x_wconf 88' lang='lat' dir='ltr'>viginti</span> <span class='ocrx_word' id='word_1_62' title='bbox 953 759 1184 796; x_wconf 91' lang='lat' dir='ltr'>tormenta</span> <span class='ocrx_word' id='word_1_63' title='bbox 1209 755 1369 796; x_wconf 88' lang='lat' dir='ltr'>bellica</span> <span class='ocrx_word' id='word_1_64' title='bbox 1394 769 1485 796; x_wconf 91' lang='lat' dir='ltr'>non</span> <span class='ocrx_word' id='word_1_65' title='bbox 1512 755 1760 797; x_wconf 86' lang='lat' dir='ltr'>admodum</span> <span class='ocrx_word' id='word_1_66' title='bbox 1786 769 1966 810; x_wconf 88' lang='lat' dir='ltr'>magna,</span> 
     </span>
    </p>

    <p class='ocr_par' dir='ltr' id='par_1_9' title="bbox 276 825 1966 881">
     <span class='ocr_line' id='line_1_10' title="bbox 276 825 1966 881; baseline 0.001 -14"><span class='ocrx_word' id='word_1_67' title='bbox 276 840 366 868; x_wconf 92' lang='lat' dir='ltr'>uno</span> <span class='ocrx_word' id='word_1_68' title='bbox 405 830 611 881; x_wconf 88' lang='lat' dir='ltr'>excepto,</span> <span class='ocrx_word' id='word_1_69' title='bbox 653 825 777 880; x_wconf 91' lang='lat' dir='ltr'>quod</span> <span class='ocrx_word' id='word_1_70' title='bbox 816 825 933 867; x_wconf 82' lang='lat' dir='ltr'>forte</span> <span class='ocrx_word' id='word_1_71' title='bbox 971 825 1017 866; x_wconf 90' lang='lat' dir='ltr'>in</span> <span class='ocrx_word' id='word_1_72' title='bbox 1056 825 1338 880; x_wconf 86' lang='lat' dir='ltr'>longitudine</span> <span class='ocrx_word' id='word_1_73' title='bbox 1377 825 1545 881; x_wconf 90' lang='lat' dir='ltr'>pedum</span> <span class='ocrx_word' id='word_1_74' title='bbox 1585 830 1652 868; x_wconf 91' lang='lat' dir='ltr'>est</span> <span class='ocrx_word' id='word_1_75' title='bbox 1693 826 1966 881; x_wconf 89' lang='lat' dir='ltr'>quindecim,</span> 
     </span>
    </p>

    <p class='ocr_par' dir='ltr' id='par_1_10' title="bbox 274 896 1069 951">
     <span class='ocr_line' id='line_1_11' title="bbox 274 896 1069 951; baseline -0.003 -12"><span class='ocrx_word' id='word_1_76' title='bbox 274 911 365 939; x_wconf 91' lang='lat' dir='ltr'>non</span> <span class='ocrx_word' id='word_1_77' title='bbox 394 910 611 951; x_wconf 89' lang='lat' dir='ltr'>magnum</span> <span class='ocrx_word' id='word_1_78' title='bbox 641 897 826 951; x_wconf 86' lang='lat' dir='ltr'>globum</span> <span class='ocrx_word' id='word_1_79' title='bbox 856 896 1069 938; x_wconf 88' lang='lat' dir='ltr'>iaculans.</span> 
     </span>
    </p>

    <p class='ocr_par' dir='ltr' id='par_1_11' title="bbox 1421 967 2022 1010">
     <span class='ocr_line' id='line_1_12' title="bbox 1421 967 2022 1010; baseline -0.002 -1"><span class='ocrx_word' id='word_1_80' title='bbox 1421 967 1566 1009; x_wconf 89' lang='lat' dir='ltr'>Iudex</span> <span class='ocrx_word' id='word_1_81' title='bbox 1585 972 1631 1009; x_wconf 88' lang='lat' dir='ltr'>et</span> <span class='ocrx_word' id='word_1_82' title='bbox 1652 967 1789 1009; x_wconf 89' lang='lat' dir='ltr'>iurati</span> <span class='ocrx_word' id='word_1_83' title='bbox 1810 967 1931 1010; x_wconf 87' lang='lat' dir='ltr'>cives</span> <span class='ocrx_word' id='word_1_84' title='bbox 1986 983 2022 1009; x_wconf 86' lang='lat'>10</span> 
     </span>
    </p>

    <p class='ocr_par' dir='ltr' id='par_1_12' title="bbox 1378 1038 1965 1081">
     <span class='ocr_line' id='line_1_13' title="bbox 1378 1038 1965 1081; baseline 0 -1"><span class='ocrx_word' id='word_1_85' title='bbox 1378 1038 1578 1080; x_wconf 88' lang='lat' dir='ltr'>civitatis</span> <span class='ocrx_word' id='word_1_86' title='bbox 1619 1038 1965 1081; x_wconf 90' lang='lat' dir='ltr'>Brassoviensis.</span> 
     </span>
    </p>
   </div>
   <div class='ocr_carea' id='block_1_4' title="bbox 276 1144 1968 1249">
    <p class='ocr_par' dir='ltr' id='par_1_13' title="bbox 276 1144 1968 1249">
     <span class='ocr_line' id='line_1_14' title="bbox 413 1144 1968 1189; baseline 0 -11"><span class='ocrx_word' id='word_1_87' title='bbox 413 1144 576 1189; x_wconf 87' lang='lat' dir='ltr'>(Archiv</span> <span class='ocrx_word' id='word_1_88' title='bbox 609 1144 674 1179; x_wconf 74' lang='lat' dir='ltr'>fiir</span> <span class='ocrx_word' id='word_1_89' title='bbox 708 1145 854 1178; x_wconf 87' lang='lat' dir='ltr'>Kunde</span> <span class='ocrx_word' id='word_1_90' title='bbox 880 1144 1224 1178; x_wconf 77' lang='lat' dir='ltr'>osterreiehischer</span> <span class='ocrx_word' id='word_1_91' title='bbox 1255 1144 1675 1189; x_wconf 77' lang='lat' dir='ltr'>Geschichts-Quellen</span> <span class='ocrx_word' id='word_1_92' title='bbox 1706 1144 1786 1178; x_wconf 94' lang='lat' dir='ltr'>vol.</span> <span class='ocrx_word' id='word_1_93' title='bbox 1822 1155 1881 1178; x_wconf 90' lang='lat'>21.</span> <span class='ocrx_word' id='word_1_94' title='bbox 1916 1165 1968 1170; x_wconf 92' lang='lat'><strong>—</strong></span> 
     </span>
     <span class='ocr_line' id='line_1_15' title="bbox 276 1204 990 1249; baseline -0.001 -11"><span class='ocrx_word' id='word_1_95' title='bbox 276 1204 403 1244; x_wconf 73' lang='lat' dir='ltr'>VVien,</span> <span class='ocrx_word' id='word_1_96' title='bbox 434 1204 542 1248; x_wconf 85' lang='lat'>1859.</span> <span class='ocrx_word' id='word_1_97' title='bbox 569 1224 621 1229; x_wconf 90' lang='lat'>—-</span> <span class='ocrx_word' id='word_1_98' title='bbox 645 1214 734 1249; x_wconf 85' lang='lat' dir='ltr'>pag.</span> <span class='ocrx_word' id='word_1_99' title='bbox 762 1204 990 1249; x_wconf 83' lang='lat'>279—280.)</span> 
     </span>
    </p>
   </div>
   <div class='ocr_carea' id='block_1_5' title="bbox 1077 1343 1174 1385">
    <p class='ocr_par' dir='ltr' id='par_1_14' title="bbox 1077 1343 1174 1385">
     <span class='ocr_line' id='line_1_16' title="bbox 1077 1343 1174 1385; baseline 0.01 -1"><span class='ocrx_word' id='word_1_100' title='bbox 1077 1343 1174 1385; x_wconf 85' lang='lat'><strong>139.</strong></span> 
     </span>
    </p>
   </div>
   <div class='ocr_carea' id='block_1_6' title="bbox 802 1452 2022 1506">
    <p class='ocr_par' dir='ltr' id='par_1_15' title="bbox 802 1452 2022 1506">
     <span class='ocr_line' id='line_1_17' title="bbox 802 1452 2022 1506; baseline 0 -13"><span class='ocrx_word' id='word_1_101' title='bbox 802 1452 978 1501; x_wconf 82' lang='lat' dir='ltr'>Brasso‘,</span> <span class='ocrx_word' id='word_1_102' title='bbox 996 1463 1035 1505; x_wconf 82' lang='lat'>5.</span> <span class='ocrx_word' id='word_1_103' title='bbox 1057 1452 1289 1493; x_wconf 79' lang='lat' dir='ltr'>Februarii</span> <span class='ocrx_word' id='word_1_104' title='bbox 1304 1463 1430 1506; x_wconf 78' lang='lat'><em>1529.</em></span> <span class='ocrx_word' id='word_1_105' title='bbox 1987 1467 2022 1493; x_wconf 87' lang='lat'>15</span> 
     </span>
    </p>
   </div>
   <div class='ocr_carea' id='block_1_7' title="bbox 415 1542 1824 1594">
    <p class='ocr_par' dir='ltr' id='par_1_16' title="bbox 415 1542 1824 1594">
     <span class='ocr_line' id='line_1_18' title="bbox 415 1542 1824 1594; baseline -0.001 -12"><span class='ocrx_word' id='word_1_106' title='bbox 415 1544 596 1583; x_wconf 83' lang='lat' dir='ltr'>Senatus</span> <span class='ocrx_word' id='word_1_107' title='bbox 637 1543 825 1582; x_wconf 80' lang='lat' dir='ltr'>civitatis</span> <span class='ocrx_word' id='word_1_108' title='bbox 865 1544 1018 1582; x_wconf 83' lang='lat' dir='ltr'>Brasso</span> <span class='ocrx_word' id='word_1_109' title='bbox 1059 1543 1327 1582; x_wconf 84' lang='lat' dir='ltr'>Ferdinando</span> <span class='ocrx_word' id='word_1_110' title='bbox 1368 1544 1400 1582; x_wconf 93' lang='lat' dir='ltr'>I.</span> <span class='ocrx_word' id='word_1_111' title='bbox 1444 1543 1528 1594; x_wconf 89' lang='lat' dir='ltr'>regi</span> <span class='ocrx_word' id='word_1_112' title='bbox 1569 1542 1824 1594; x_wconf 88' lang='lat' dir='ltr'>Hungariae.</span> 
     </span>
    </p>
   </div>
   <div class='ocr_carea' id='block_1_8' title="bbox 275 1641 1973 1768">
    <p class='ocr_par' dir='ltr' id='par_1_17' title="bbox 275 1641 1973 1768">
     <span class='ocr_line' id='line_1_19' title="bbox 419 1641 1973 1684; baseline -0.001 0"><span class='ocrx_word' id='word_1_113' title='bbox 419 1643 484 1684; x_wconf 78' lang='lat' dir='ltr'>De</span> <span class='ocrx_word' id='word_1_114' title='bbox 513 1642 769 1684; x_wconf 74' lang='lat' dir='ltr'>tumultibus</span> <span class='ocrx_word' id='word_1_115' title='bbox 802 1642 1023 1684; x_wconf 77' lang='lat' dir='ltr'>Valachis.</span> <span class='ocrx_word' id='word_1_116' title='bbox 1054 1642 1120 1683; x_wconf 78' lang='lat' dir='ltr'>De</span> <span class='ocrx_word' id='word_1_117' title='bbox 1149 1642 1377 1684; x_wconf 74' lang='lat' dir='ltr'>invasione</span> <span class='ocrx_word' id='word_1_118' title='bbox 1405 1646 1442 1683; x_wconf 67' lang='grc' dir='ltr'>εἰ</span> <span class='ocrx_word' id='word_1_119' title='bbox 1470 1642 1708 1683; x_wconf 78' lang='lat' dir='ltr'>vastatione</span> <span class='ocrx_word' id='word_1_120' title='bbox 1732 1641 1853 1683; x_wconf 79' lang='lat' dir='ltr'>Petri</span> <span class='ocrx_word' id='word_1_121' title='bbox 1881 1641 1973 1683; x_wconf 82' lang='lat' dir='ltr'>vai-</span> 
     </span>
     <span class='ocr_line' id='line_1_20' title="bbox 275 1714 1296 1768; baseline -0.001 -13"><span class='ocrx_word' id='word_1_122' title='bbox 275 1714 417 1755; x_wconf 79' lang='lat' dir='ltr'>vodae.</span> <span class='ocrx_word' id='word_1_123' title='bbox 457 1714 797 1755; x_wconf 81' lang='lat' dir='ltr'>Auxiliatricem</span> <span class='ocrx_word' id='word_1_124' title='bbox 830 1727 1012 1755; x_wconf 76' lang='lat' dir='ltr'>manuni</span> <span class='ocrx_word' id='word_1_125' title='bbox 1046 1714 1296 1768; x_wconf 74' lang='lat' dir='ltr'>implorant.</span> 
     </span>
    </p>
   </div>
   <div class='ocr_carea' id='block_1_9' title="bbox 275 1819 2023 3216">
    <p class='ocr_par' dir='ltr' id='par_1_18' title="bbox 275 1819 2023 2004">
     <span class='ocr_line' id='line_1_21' title="bbox 417 1819 1972 1875; baseline 0 -14"><span class='ocrx_word' id='word_1_126' title='bbox 417 1820 706 1862; x_wconf 69' lang='lat' dir='ltr'>Serenissime</span> <span class='ocrx_word' id='word_1_127' title='bbox 736 1821 834 1861; x_wconf 85' lang='lat' dir='ltr'>Rex</span> <span class='ocrx_word' id='word_1_128' title='bbox 866 1820 1163 1875; x_wconf 87' lang='lat' dir='ltr'>princepsque</span> <span class='ocrx_word' id='word_1_129' title='bbox 1200 1819 1545 1861; x_wconf 90' lang='lat' dir='ltr'>clementissime</span> <span class='ocrx_word' id='word_1_130' title='bbox 1582 1823 1627 1861; x_wconf 90' lang='lat' dir='ltr'>et</span> <span class='ocrx_word' id='word_1_131' title='bbox 1665 1819 1859 1869; x_wconf 87' lang='lat' dir='ltr'>domine,</span> <span class='ocrx_word' id='word_1_132' title='bbox 1894 1819 1972 1861; x_wconf 93' lang='lat' dir='ltr'>do-</span> 
     </span>
     <span class='ocr_line' id='line_1_22' title="bbox 276 1890 2023 1946; baseline -0.001 -14"><span class='ocrx_word' id='word_1_133' title='bbox 276 1891 395 1933; x_wconf 90' lang='lat' dir='ltr'>mine</span> <span class='ocrx_word' id='word_1_134' title='bbox 426 1896 581 1933; x_wconf 87' lang='lat' dir='ltr'>noster</span> <span class='ocrx_word' id='word_1_135' title='bbox 614 1891 836 1933; x_wconf 88' lang='lat' dir='ltr'>naturalis</span> <span class='ocrx_word' id='word_1_136' title='bbox 869 1890 1203 1946; x_wconf 89' lang='lat' dir='ltr'>gratiosissime.</span> <span class='ocrx_word' id='word_1_137' title='bbox 1241 1891 1435 1933; x_wconf 89' lang='lat' dir='ltr'>Nostrae</span> <span class='ocrx_word' id='word_1_138' title='bbox 1469 1894 1716 1945; x_wconf 88' lang='lat' dir='ltr'>perpetuae</span> <span class='ocrx_word' id='word_1_139' title='bbox 1742 1904 1794 1932; x_wconf 90' lang='lat' dir='ltr'>ac</span> <span class='ocrx_word' id='word_1_140' title='bbox 1820 1890 1972 1932; x_wconf 87' lang='lat' dir='ltr'>incon-</span> <span class='ocrx_word' id='word_1_141' title='bbox 1987 1904 2023 1930; x_wconf 82' lang='lat'>20</span> 
     </span>
     <span class='ocr_line' id='line_1_23' title="bbox 275 1961 1347 2004; baseline 0 -1"><span class='ocrx_word' id='word_1_142' title='bbox 275 1976 430 2004; x_wconf 91' lang='lat' dir='ltr'>cussae</span> <span class='ocrx_word' id='word_1_143' title='bbox 463 1962 698 2004; x_wconf 89' lang='lat' dir='ltr'>fidelitatis</span> <span class='ocrx_word' id='word_1_144' title='bbox 722 1962 1012 2004; x_wconf 89' lang='lat' dir='ltr'>oblationem.</span> <span class='ocrx_word' id='word_1_145' title='bbox 1037 1961 1206 2003; x_wconf 81' lang='lat' dir='ltr'>Salutis</span> <span class='ocrx_word' id='word_1_146' title='bbox 1237 1962 1347 2003; x_wconf 93' lang='lat' dir='ltr'>loco.</span> 
     </span>
    </p>

    <p class='ocr_par' dir='ltr' id='par_1_19' title="bbox 275 2031 2022 3216">
     <span class='ocr_line' id='line_1_24' title="bbox 421 2031 1973 2088; baseline -0.001 -13"><span class='ocrx_word' id='word_1_147' title='bbox 421 2033 661 2088; x_wconf 76' lang='lat' dir='ltr'>Quomodo</span> <span class='ocrx_word' id='word_1_148' title='bbox 706 2032 857 2074; x_wconf 89' lang='lat' dir='ltr'>Radul</span> <span class='ocrx_word' id='word_1_149' title='bbox 899 2032 1108 2074; x_wconf 85' lang='lat' dir='ltr'>waivoda</span> <span class='ocrx_word' id='word_1_150' title='bbox 1150 2032 1474 2088; x_wconf 88' lang='lat' dir='ltr'>Transalpinus</span> <span class='ocrx_word' id='word_1_151' title='bbox 1517 2045 1714 2074; x_wconf 88' lang='lat' dir='ltr'>unacum</span> <span class='ocrx_word' id='word_1_152' title='bbox 1758 2045 1840 2073; x_wconf 90' lang='lat' dir='ltr'>suo</span> <span class='ocrx_word' id='word_1_153' title='bbox 1880 2031 1973 2073; x_wconf 92' lang='lat' dir='ltr'>filio</span> 
     </span>
     <span class='ocr_line' id='line_1_25' title="bbox 275 2102 1973 2159; baseline -0.001 -14"><span class='ocrx_word' id='word_1_154' title='bbox 275 2117 354 2158; x_wconf 91' lang='lat' dir='ltr'>per</span> <span class='ocrx_word' id='word_1_155' title='bbox 381 2104 617 2145; x_wconf 88' lang='lat' dir='ltr'>boiarones</span> <span class='ocrx_word' id='word_1_156' title='bbox 645 2103 933 2159; x_wconf 85' lang='lat' dir='ltr'>decapitatus</span> <span class='ocrx_word' id='word_1_157' title='bbox 961 2103 1032 2152; x_wconf 89' lang='lat' dir='ltr'>sit,</span> <span class='ocrx_word' id='word_1_158' title='bbox 1063 2107 1109 2145; x_wconf 90' lang='lat' dir='ltr'>et</span> <span class='ocrx_word' id='word_1_159' title='bbox 1138 2103 1251 2145; x_wconf 90' lang='lat' dir='ltr'>alius</span> <span class='ocrx_word' id='word_1_160' title='bbox 1278 2103 1486 2145; x_wconf 86' lang='lat' dir='ltr'>waivoda</span> <span class='ocrx_word' id='word_1_161' title='bbox 1513 2103 1678 2145; x_wconf 89' lang='lat' dir='ltr'>iterum</span> <span class='ocrx_word' id='word_1_162' title='bbox 1724 2102 1893 2144; x_wconf 90' lang='lat' dir='ltr'>electus</span> <span class='ocrx_word' id='word_1_163' title='bbox 1921 2116 1973 2144; x_wconf 92' lang='lat' dir='ltr'>ac</span> 
     </span>
     <span class='ocr_line' id='line_1_26' title="bbox 277 2173 1973 2230; baseline 0 -15"><span class='ocrx_word' id='word_1_164' title='bbox 277 2175 505 2216; x_wconf 88' lang='lat' dir='ltr'>exaltatus</span> <span class='ocrx_word' id='word_1_165' title='bbox 530 2175 680 2224; x_wconf 76' lang='lat' dir='ltr'>fuerit,</span> <span class='ocrx_word' id='word_1_166' title='bbox 721 2189 772 2217; x_wconf 88' lang='lat' dir='ltr'>ac</span> <span class='ocrx_word' id='word_1_167' title='bbox 810 2188 917 2216; x_wconf 92' lang='lat' dir='ltr'>mox</span> <span class='ocrx_word' id='word_1_168' title='bbox 955 2174 1094 2216; x_wconf 87' lang='lat' dir='ltr'>etiam</span> <span class='ocrx_word' id='word_1_169' title='bbox 1132 2174 1280 2229; x_wconf 90' lang='lat' dir='ltr'>capite</span> <span class='ocrx_word' id='word_1_170' title='bbox 1317 2175 1490 2230; x_wconf 89' lang='lat' dir='ltr'>plexus,</span> <span class='ocrx_word' id='word_1_171' title='bbox 1530 2174 1620 2215; x_wconf 93' lang='lat' dir='ltr'>iam</span> <span class='ocrx_word' id='word_1_172' title='bbox 1646 2173 1693 2215; x_wconf 91' lang='lat' dir='ltr'>id</span> <span class='ocrx_word' id='word_1_173' title='bbox 1717 2173 1807 2215; x_wconf 77' lang='lat' dir='ltr'>Vrae</span> <span class='ocrx_word' id='word_1_174' title='bbox 1829 2173 1973 2215; x_wconf 72' lang='lat' dir='ltr'>Sermae</span> 
     </span>
     <span class='ocr_line' id='line_1_27' title="bbox 276 2239 2022 2300; baseline -0.002 -13"><span class='ocrx_word' id='word_1_175' title='bbox 276 2239 343 2286; x_wconf 83' lang='lat' dir='ltr'>Mti</span> <span class='ocrx_word' id='word_1_176' title='bbox 377 2245 550 2287; x_wconf 90' lang='lat' dir='ltr'>dudum</span> <span class='ocrx_word' id='word_1_177' title='bbox 594 2246 843 2287; x_wconf 87' lang='lat' dir='ltr'>innotuisse</span> <span class='ocrx_word' id='word_1_178' title='bbox 873 2245 1108 2287; x_wconf 79' lang='lat' dir='ltr'>credimus</span> <span class='ocrx_word' id='word_1_179' title='bbox 1148 2246 1322 2300; x_wconf 88' lang='lat' dir='ltr'>Estque</span> <span class='ocrx_word' id='word_1_180' title='bbox 1353 2245 1443 2286; x_wconf 88' lang='lat' dir='ltr'>iam</span> <span class='ocrx_word' id='word_1_181' title='bbox 1474 2245 1623 2286; x_wconf 92' lang='lat' dir='ltr'>nullus</span> <span class='ocrx_word' id='word_1_182' title='bbox 1654 2244 1838 2286; x_wconf 92' lang='lat' dir='ltr'>omnino</span> <span class='ocrx_word' id='word_1_183' title='bbox 1867 2243 1972 2286; x_wconf 90' lang='lat' dir='ltr'>wai-</span> <span class='ocrx_word' id='word_1_184' title='bbox 1986 2257 2022 2284; x_wconf 85' lang='lat'>25</span> 
     </span>
     <span class='ocr_line' id='line_1_28' title="bbox 277 2314 1971 2371; baseline -0.001 -14"><span class='ocrx_word' id='word_1_185' title='bbox 277 2316 397 2357; x_wconf 86' lang='lat' dir='ltr'>voda</span> <span class='ocrx_word' id='word_1_186' title='bbox 433 2317 477 2357; x_wconf 90' lang='lat' dir='ltr'>in</span> <span class='ocrx_word' id='word_1_187' title='bbox 514 2317 748 2371; x_wconf 87' lang='lat' dir='ltr'>provincia</span> <span class='ocrx_word' id='word_1_188' title='bbox 784 2316 1164 2371; x_wconf 87' lang='lat' dir='ltr'>Transalpinensi,</span> <span class='ocrx_word' id='word_1_189' title='bbox 1203 2316 1288 2357; x_wconf 89' lang='lat' dir='ltr'>nisi</span> <span class='ocrx_word' id='word_1_190' title='bbox 1324 2316 1447 2371; x_wconf 92' lang='lat' dir='ltr'>quod</span> <span class='ocrx_word' id='word_1_191' title='bbox 1482 2316 1654 2357; x_wconf 80' lang='lat' dir='ltr'>Tuscae</span> <span class='ocrx_word' id='word_1_192' title='bbox 1691 2315 1830 2356; x_wconf 91' lang='lat' dir='ltr'>alium</span> <span class='ocrx_word' id='word_1_193' title='bbox 1865 2314 1971 2357; x_wconf 88' lang='lat' dir='ltr'>wai-</span> 
     </span>
     <span class='ocr_line' id='line_1_29' title="bbox 277 2385 1968 2441; baseline 0 -14"><span class='ocrx_word' id='word_1_194' title='bbox 277 2386 445 2428; x_wconf 90' lang='lat' dir='ltr'>vodam</span> <span class='ocrx_word' id='word_1_195' title='bbox 485 2387 697 2429; x_wconf 91' lang='lat' dir='ltr'>inducere</span> <span class='ocrx_word' id='word_1_196' title='bbox 738 2388 945 2429; x_wconf 80' lang='lat' dir='ltr'>feruntur</span> <span class='ocrx_word' id='word_1_197' title='bbox 996 2400 1180 2441; x_wconf 88' lang='lat' dir='ltr'>esseque</span> <span class='ocrx_word' id='word_1_198' title='bbox 1220 2387 1311 2428; x_wconf 89' lang='lat' dir='ltr'>iam</span> <span class='ocrx_word' id='word_1_199' title='bbox 1351 2387 1396 2428; x_wconf 89' lang='lat' dir='ltr'>in</span> <span class='ocrx_word' id='word_1_200' title='bbox 1436 2385 1701 2428; x_wconf 90' lang='lat' dir='ltr'>traiiciendo</span> <span class='ocrx_word' id='word_1_201' title='bbox 1741 2385 1968 2427; x_wconf 88' lang='lat' dir='ltr'>Danubio.</span> 
     </span>
     <span class='ocr_line' id='line_1_30' title="bbox 279 2456 1971 2512; baseline -0.001 -14"><span class='ocrx_word' id='word_1_202' title='bbox 279 2457 419 2499; x_wconf 86' lang='lat' dir='ltr'>Novit</span> <span class='ocrx_word' id='word_1_203' title='bbox 459 2458 579 2499; x_wconf 89' lang='lat' dir='ltr'>solus</span> <span class='ocrx_word' id='word_1_204' title='bbox 619 2459 755 2508; x_wconf 92' lang='lat' dir='ltr'>Deus,</span> <span class='ocrx_word' id='word_1_205' title='bbox 798 2458 908 2512; x_wconf 87' lang='lat' dir='ltr'>quid</span> <span class='ocrx_word' id='word_1_206' title='bbox 947 2471 1002 2498; x_wconf 87' lang='lat' dir='ltr'>ex</span> <span class='ocrx_word' id='word_1_207' title='bbox 1042 2471 1095 2499; x_wconf 95' lang='lat' dir='ltr'>eo</span> <span class='ocrx_word' id='word_1_208' title='bbox 1135 2458 1341 2499; x_wconf 80' lang='lat' dir='ltr'>futurum</span> <span class='ocrx_word' id='word_1_209' title='bbox 1380 2457 1453 2507; x_wconf 90' lang='lat' dir='ltr'>sit,</span> <span class='ocrx_word' id='word_1_210' title='bbox 1495 2457 1651 2499; x_wconf 91' lang='lat' dir='ltr'>Turcis</span> <span class='ocrx_word' id='word_1_211' title='bbox 1690 2456 1971 2512; x_wconf 89' lang='lat' dir='ltr'>provinciam</span> 
     </span>
     <span class='ocr_line' id='line_1_31' title="bbox 279 2526 1972 2583; baseline -0.001 -14"><span class='ocrx_word' id='word_1_212' title='bbox 279 2528 553 2570; x_wconf 86' lang='lat' dir='ltr'>tenentibus.</span> <span class='ocrx_word' id='word_1_213' title='bbox 582 2529 714 2570; x_wconf 92' lang='lat' dir='ltr'>Nova</span> <span class='ocrx_word' id='word_1_214' title='bbox 738 2542 859 2578; x_wconf 88' lang='lat' dir='ltr'>vero,</span> <span class='ocrx_word' id='word_1_215' title='bbox 887 2542 1003 2583; x_wconf 84' lang='lat' dir='ltr'>quae</span> <span class='ocrx_word' id='word_1_216' title='bbox 1028 2542 1083 2569; x_wconf 90' lang='lat' dir='ltr'>ex</span> <span class='ocrx_word' id='word_1_217' title='bbox 1109 2528 1337 2570; x_wconf 88' lang='lat' dir='ltr'>Moldavia</span> <span class='ocrx_word' id='word_1_218' title='bbox 1361 2528 1595 2577; x_wconf 90' lang='lat' dir='ltr'>habemus,</span> <span class='ocrx_word' id='word_1_219' title='bbox 1623 2541 1676 2569; x_wconf 91' lang='lat' dir='ltr'>ea</span> <span class='ocrx_word' id='word_1_220' title='bbox 1699 2531 1821 2576; x_wconf 89' lang='lat' dir='ltr'>sunt,</span> <span class='ocrx_word' id='word_1_221' title='bbox 1848 2526 1972 2581; x_wconf 93' lang='lat' dir='ltr'>quod</span> 
     </span>
     <span class='ocr_line' id='line_1_32' title="bbox 280 2597 2022 2654; baseline -0.002 -14"><span class='ocrx_word' id='word_1_222' title='bbox 280 2599 439 2640; x_wconf 87' lang='lat' dir='ltr'>Petrus</span> <span class='ocrx_word' id='word_1_223' title='bbox 460 2600 668 2641; x_wconf 86' lang='lat' dir='ltr'>waivoda</span> <span class='ocrx_word' id='word_1_224' title='bbox 689 2600 1009 2642; x_wconf 88' lang='lat' dir='ltr'>Moldaviensis</span> <span class='ocrx_word' id='word_1_225' title='bbox 1028 2599 1231 2641; x_wconf 86' lang='lat' dir='ltr'>Sabbato</span> <span class='ocrx_word' id='word_1_226' title='bbox 1253 2599 1461 2654; x_wconf 91' lang='lat' dir='ltr'>proximo</span> <span class='ocrx_word' id='word_1_227' title='bbox 1482 2603 1589 2640; x_wconf 89' lang='lat' dir='ltr'>ante</span> <span class='ocrx_word' id='word_1_228' title='bbox 1608 2597 1971 2653; x_wconf 91' lang='lat' dir='ltr'>purificationem</span> <span class='ocrx_word' id='word_1_229' title='bbox 1985 2611 2022 2637; x_wconf 89' lang='lat'>30</span> 
     </span>
     <span class='ocr_line' id='line_1_33' title="bbox 280 2669 1972 2725; baseline -0.001 -15"><span class='ocrx_word' id='word_1_230' title='bbox 280 2669 448 2710; x_wconf 89' lang='lat' dir='ltr'>Mariae</span> <span class='ocrx_word' id='word_1_231' title='bbox 492 2670 538 2711; x_wconf 91' lang='lat' dir='ltr'>in</span> <span class='ocrx_word' id='word_1_232' title='bbox 581 2670 764 2725; x_wconf 89' lang='lat' dir='ltr'>propria</span> <span class='ocrx_word' id='word_1_233' title='bbox 819 2684 1012 2725; x_wconf 91' lang='lat' dir='ltr'>persona</span> <span class='ocrx_word' id='word_1_234' title='bbox 1068 2670 1348 2712; x_wconf 89' lang='lat' dir='ltr'>validissimo</span> <span class='ocrx_word' id='word_1_235' title='bbox 1390 2669 1846 2722; x_wconf 90' lang='lat' dir='ltr'>numerosissimoque</span> <span class='ocrx_word' id='word_1_236' title='bbox 1889 2680 1972 2709; x_wconf 91' lang='lat' dir='ltr'>suo</span> 
     </span>
     <span class='ocr_line' id='line_1_34' title="bbox 278 2738 1970 2796; baseline 0 -16"><span class='ocrx_word' id='word_1_237' title='bbox 278 2740 479 2781; x_wconf 88' lang='lat' dir='ltr'>exercitu</span> <span class='ocrx_word' id='word_1_238' title='bbox 510 2741 556 2781; x_wconf 92' lang='lat' dir='ltr'>in</span> <span class='ocrx_word' id='word_1_239' title='bbox 575 2745 667 2782; x_wconf 91' lang='lat' dir='ltr'>tres</span> <span class='ocrx_word' id='word_1_240' title='bbox 698 2741 824 2782; x_wconf 91' lang='lat' dir='ltr'>sedes</span> <span class='ocrx_word' id='word_1_241' title='bbox 854 2741 1105 2783; x_wconf 84' lang='lat' dir='ltr'>Siculorum</span> <span class='ocrx_word' id='word_1_242' title='bbox 1133 2741 1272 2796; x_wconf 85' lang='lat' dir='ltr'>Sepsi,</span> <span class='ocrx_word' id='word_1_243' title='bbox 1306 2740 1454 2789; x_wconf 88' lang='lat' dir='ltr'>Kizdi,</span> <span class='ocrx_word' id='word_1_244' title='bbox 1487 2739 1638 2788; x_wconf 90' lang='lat' dir='ltr'>Orbai,</span> <span class='ocrx_word' id='word_1_245' title='bbox 1673 2752 1724 2779; x_wconf 92' lang='lat' dir='ltr'>ac</span> <span class='ocrx_word' id='word_1_246' title='bbox 1755 2738 1893 2779; x_wconf 92' lang='lat' dir='ltr'>etiam</span> <span class='ocrx_word' id='word_1_247' title='bbox 1924 2738 1970 2780; x_wconf 93' lang='lat' dir='ltr'>in</span> 
     </span>
     <span class='ocr_line' id='line_1_35' title="bbox 282 2810 1969 2866; baseline 0.001 -16"><span class='ocrx_word' id='word_1_248' title='bbox 282 2810 385 2851; x_wconf 86' lang='lat' dir='ltr'>Csik</span> <span class='ocrx_word' id='word_1_249' title='bbox 422 2815 467 2851; x_wconf 90' lang='lat' dir='ltr'>et</span> <span class='ocrx_word' id='word_1_250' title='bbox 505 2811 705 2866; x_wconf 85' lang='lat' dir='ltr'>Gyirgyo</span> <span class='ocrx_word' id='word_1_251' title='bbox 742 2812 904 2866; x_wconf 81' lang='lat' dir='ltr'>erupit,</span> <span class='ocrx_word' id='word_1_252' title='bbox 945 2812 1187 2866; x_wconf 86' lang='lat' dir='ltr'>omniaque</span> <span class='ocrx_word' id='word_1_253' title='bbox 1224 2811 1324 2865; x_wconf 90' lang='lat' dir='ltr'>igne</span> <span class='ocrx_word' id='word_1_254' title='bbox 1359 2810 1528 2852; x_wconf 86' lang='lat' dir='ltr'>exussit</span> <span class='ocrx_word' id='word_1_255' title='bbox 1566 2814 1610 2851; x_wconf 87' lang='lat' dir='ltr'>et</span> <span class='ocrx_word' id='word_1_256' title='bbox 1647 2813 1875 2863; x_wconf 91' lang='lat' dir='ltr'>quotquot</span> <span class='ocrx_word' id='word_1_257' title='bbox 1913 2823 1969 2851; x_wconf 89' lang='lat' dir='ltr'>ex</span> 
     </span>
     <span class='ocr_line' id='line_1_36' title="bbox 283 2878 1969 2935; baseline 0.001 -15"><span class='ocrx_word' id='word_1_258' title='bbox 283 2880 552 2933; x_wconf 86' lang='lat' dir='ltr'>primoribus</span> <span class='ocrx_word' id='word_1_259' title='bbox 575 2881 734 2923; x_wconf 82' lang='lat' dir='ltr'>Siculis</span> <span class='ocrx_word' id='word_1_260' title='bbox 764 2882 918 2935; x_wconf 88' lang='lat' dir='ltr'>(etiam</span> <span class='ocrx_word' id='word_1_261' title='bbox 943 2882 1031 2923; x_wconf 90' lang='lat' dir='ltr'>fide</span> <span class='ocrx_word' id='word_1_262' title='bbox 1057 2887 1102 2923; x_wconf 88' lang='lat' dir='ltr'>et</span> <span class='ocrx_word' id='word_1_263' title='bbox 1130 2880 1415 2923; x_wconf 90' lang='lat' dir='ltr'>iureiurando</span> <span class='ocrx_word' id='word_1_264' title='bbox 1440 2894 1495 2921; x_wconf 89' lang='lat' dir='ltr'>ne</span> <span class='ocrx_word' id='word_1_265' title='bbox 1522 2892 1680 2921; x_wconf 90' lang='lat' dir='ltr'>nocere</span> <span class='ocrx_word' id='word_1_266' title='bbox 1705 2878 1815 2920; x_wconf 89' lang='lat' dir='ltr'>velit</span> <span class='ocrx_word' id='word_1_267' title='bbox 1843 2893 1969 2933; x_wconf 88' lang='lat' dir='ltr'>prae-</span> 
     </span>
     <span class='ocr_line' id='line_1_37' title="bbox 279 2949 2019 3006; baseline 0 -16"><span class='ocrx_word' id='word_1_268' title='bbox 279 2950 403 3003; x_wconf 89' lang='lat' dir='ltr'>stito)</span> <span class='ocrx_word' id='word_1_269' title='bbox 435 2951 599 2992; x_wconf 91' lang='lat' dir='ltr'>habere</span> <span class='ocrx_word' id='word_1_270' title='bbox 617 2952 780 3006; x_wconf 87' lang='lat' dir='ltr'>potuit,</span> <span class='ocrx_word' id='word_1_271' title='bbox 803 2965 956 2994; x_wconf 90' lang='lat' dir='ltr'>omnes</span> <span class='ocrx_word' id='word_1_272' title='bbox 976 2952 1110 2994; x_wconf 88' lang='lat' dir='ltr'>morti</span> <span class='ocrx_word' id='word_1_273' title='bbox 1129 2951 1332 2999; x_wconf 88' lang='lat' dir='ltr'>tradidit,</span> <span class='ocrx_word' id='word_1_274' title='bbox 1353 2963 1409 2991; x_wconf 90' lang='lat' dir='ltr'>ne</span> <span class='ocrx_word' id='word_1_275' title='bbox 1428 2950 1505 2991; x_wconf 90' lang='lat' dir='ltr'>uni</span> <span class='ocrx_word' id='word_1_276' title='bbox 1524 2949 1707 3004; x_wconf 88' lang='lat' dir='ltr'>quidem</span> <span class='ocrx_word' id='word_1_277' title='bbox 1725 2951 1966 3003; x_wconf 91' lang='lat' dir='ltr'>parcendo.</span> <span class='ocrx_word' id='word_1_278' title='bbox 1982 2963 2019 2990; x_wconf 81' lang='lat'>35</span> 
     </span>
     <span class='ocr_line' id='line_1_38' title="bbox 281 3019 1969 3074; baseline 0.002 -14"><span class='ocrx_word' id='word_1_279' title='bbox 281 3019 482 3074; x_wconf 88' lang='lat' dir='ltr'>Cumque</span> <span class='ocrx_word' id='word_1_280' title='bbox 522 3022 612 3062; x_wconf 91' lang='lat' dir='ltr'>iam</span> <span class='ocrx_word' id='word_1_281' title='bbox 650 3026 795 3063; x_wconf 88' lang='lat' dir='ltr'>terrae</span> <span class='ocrx_word' id='word_1_282' title='bbox 833 3022 1030 3064; x_wconf 88' lang='lat' dir='ltr'>Barczae</span> <span class='ocrx_word' id='word_1_283' title='bbox 1066 3021 1209 3063; x_wconf 88' lang='lat' dir='ltr'>nostri</span> <span class='ocrx_word' id='word_1_284' title='bbox 1248 3019 1460 3062; x_wconf 88' lang='lat' dir='ltr'>territorii</span> <span class='ocrx_word' id='word_1_285' title='bbox 1487 3019 1680 3061; x_wconf 87' lang='lat' dir='ltr'>confinia</span> <span class='ocrx_word' id='word_1_286' title='bbox 1706 3019 1860 3074; x_wconf 87' lang='lat' dir='ltr'>attigit</span> <span class='ocrx_word' id='word_1_287' title='bbox 1887 3035 1969 3064; x_wconf 90' lang='lat' dir='ltr'>suo</span> 
     </span>
     <span class='ocr_line' id='line_1_39' title="bbox 280 3089 1969 3146; baseline 0.002 -16"><span class='ocrx_word' id='word_1_288' title='bbox 280 3089 461 3131; x_wconf 90' lang='lat' dir='ltr'>homine</span> <span class='ocrx_word' id='word_1_289' title='bbox 488 3091 547 3132; x_wconf 89' lang='lat' dir='ltr'>ad</span> <span class='ocrx_word' id='word_1_290' title='bbox 573 3105 654 3132; x_wconf 91' lang='lat' dir='ltr'>nos</span> <span class='ocrx_word' id='word_1_291' title='bbox 681 3092 889 3133; x_wconf 90' lang='lat' dir='ltr'>evocavit</span> <span class='ocrx_word' id='word_1_292' title='bbox 917 3093 976 3133; x_wconf 92' lang='lat' dir='ltr'>ad</span> <span class='ocrx_word' id='word_1_293' title='bbox 1002 3092 1288 3146; x_wconf 89' lang='lat' dir='ltr'>colloquium.</span> <span class='ocrx_word' id='word_1_294' title='bbox 1318 3091 1412 3132; x_wconf 88' lang='lat' dir='ltr'>Nos</span> <span class='ocrx_word' id='word_1_295' title='bbox 1432 3089 1576 3131; x_wconf 91' lang='lat' dir='ltr'>missis</span> <span class='ocrx_word' id='word_1_296' title='bbox 1596 3089 1969 3134; x_wconf 90' lang='lat' dir='ltr'>duobusenostri</span> 
     </span>
     <span class='ocr_line' id='line_1_40' title="bbox 282 3159 1969 3216; baseline 0.003 -17"><span class='ocrx_word' id='word_1_297' title='bbox 282 3159 431 3201; x_wconf 90' lang='lat' dir='ltr'>medio</span> <span class='ocrx_word' id='word_1_298' title='bbox 452 3160 622 3210; x_wconf 84' lang='lat' dir='ltr'>iuratis,</span> <span class='ocrx_word' id='word_1_299' title='bbox 641 3161 686 3201; x_wconf 91' lang='lat' dir='ltr'>in</span> <span class='ocrx_word' id='word_1_300' title='bbox 701 3162 999 3216; x_wconf 84' lang='lat' dir='ltr'>man[datum]</span> <span class='ocrx_word' id='word_1_301' title='bbox 1022 3162 1083 3203; x_wconf 90' lang='lat' dir='ltr'>eis</span> <span class='ocrx_word' id='word_1_302' title='bbox 1108 3161 1327 3209; x_wconf 86' lang='lat' dir='ltr'>dedimus,</span> <span class='ocrx_word' id='word_1_303' title='bbox 1350 3164 1401 3202; x_wconf 91' lang='lat' dir='ltr'>ut</span> <span class='ocrx_word' id='word_1_304' title='bbox 1419 3160 1557 3202; x_wconf 84' lang='lat' dir='ltr'>Suam</span> <span class='ocrx_word' id='word_1_305' title='bbox 1584 3160 1969 3215; x_wconf 88' lang='lat' dir='ltr'>Magnificentiam</span> 
     </span>
    </p>
   </div>
  </div>
 </body>
</html>
