2209 3643
202 208 260 240 19.
284 198 377 232 Dec.
404 191 514 245 1529]
958 196 1033 230 No.
1061 198 1128 239 163
1819 204 1890 238 205

198 343 290 372 non
313 328 451 384 prius,
474 333 628 370 tamen
658 327 805 383 primo
835 341 953 376 vere,
976 327 1140 370 iterum
1162 327 1438 370 validissime
1469 328 1820 369 insurrecturam
1851 330 1896 368 et

199 405 446 454 utrumque
470 399 726 442 waivodam
747 412 851 440 cum
865 398 1021 440 Turcis
1036 403 1080 440 et
1096 399 1298 440 Tartaris
1321 412 1459 454 penes
1483 412 1529 440 se
1556 412 1608 440 ac
1634 402 1792 439 contra
1815 410 1898 438 nos

201 472 519 520 adducturam,
557 484 750 525 quorum
787 469 960 511 viribus
995 470 1120 511 nulla
1156 470 1398 512 civitatum
1434 474 1693 511 nostrarum
1729 468 1898 524 poterit

202 542 422 591 resistere,
468 542 584 584 sicut
629 541 850 582 hactenus
895 539 1144 583 restitimus
1189 541 1247 582 ad
1291 546 1547 583 extremum
1592 540 1711 582 enim
1744 552 1899 581 sumus

173 627 189 652 5
205 613 366 655 attriti.
396 614 639 655 Conservet
665 609 769 653 Mtom
794 611 894 652 ΨΜ
917 611 1069 653 Ser¹¹¹³¹m
1105 611 1432 667 [Omnipotens]
1461 612 1538 653 diu
1563 611 1750 653 felicem.

351 684 526 733 Cibinii,
559 683 734 725 decima
765 682 1039 724 Decembris.
1073 684 1206 724 Anno
1238 682 1422 725 Domini
1455 694 1579 737 1529.

350 754 565 797 Eiusdem
585 754 728 796 Ser¹¹¹²¹⁰
749 746 831 795 Mtis
852 754 942 795 Vme
963 754 1118 795 fideles

1057 849 1272 904 Magister
1295 849 1477 899 civium,
1503 848 1672 890 iudices
1697 852 1741 890 et
1766 846 1902 889 iurati

1157 920 1277 962 cives
1306 919 1507 962 civitatis
1536 919 1816 962 Cibiniensis.

155 1029 188 1055 ιο
345 1011 580 1051 Intitulatio
599 1023 611 1050 :
642 1010 763 1050 Serm⁰
793 1010 972 1062 principi
1016 1014 1057 1049 ct
1104 1010 1289 1055 domino,
1322 1010 1494 1049 domino
1526 1010 1794 1048 Ferdinando
1825 1008 1903 1046 Dei

205 1072 342 1123 gratia
373 1071 629 1122 Hungariae,
661 1070 890 1109 Bohemiae
919 1074 997 1108 etc.
1029 1070 1127 1120 regi,
1158 1069 1312 1108 infanti
1343 1069 1659 1120 Hispaniarum,
1691 1067 1904 1107 archiduci

206 1131 403 1170 Austriae
430 1134 508 1169 etc.
538 1130 722 1168 Domino
749 1134 894 1168 nostro
921 1129 1105 1167 naturali
1133 1133 1173 1167 et
1201 1129 1514 1180 gratiosissimo.

348 1217 573 1262 (Originale‚
597 1228 703 1262 perg.
733 1217 1022 1256 Staatsarchiv‚
1045 1216 1171 1249 XYien.
1195 1215 1437 1260 Hungarica.
1470 1215 1610 1249 Edidit
1630 1225 1636 1248 :
1669 1213 1817 1248 Archiv
1838 1214 1907 1248 des

208 1277 395 1312 Vereines
427 1277 490 1311 fur
520 1277 867 1322 siebenbi'irgische
897 1277 1191 1310 Landeskunde
1219 1275 1297 1309 vol.
1328 1275 1386 1308 28.
1415 1285 1505 1320 pag.
1534 1274 1764 1318 466—467.)

159 1445 195 1471 15
972 1428 1069 1470 163.

724 1540 900 1588 Brasso,
919 1552 988 1593 19.
1008 1539 1254 1580 Decembris
1271 1550 1398 1593 1529.

446 1630 688 1682 Stephanus
709 1630 879 1680 Maylad
902 1630 1027 1667 Petro
1049 1630 1180 1682 Rares
1201 1629 1409 1667 vaivodae
1430 1628 1679 1667 Moldaviae.

357 1730 613 1772 Protestatio
639 1734 784 1771 contra
817 1729 1087 1777 sententiam,
1108 1728 1235 1784 quasi
1260 1728 1570 1770 ferdinandus
1594 1742 1683 1770 non
1709 1732 1814 1769 esset
1839 1741 1911 1769 rex

215 1803 262 1844 H
265 1801 484 1857 ungariae.

163 1908 200 1934 ρο
359 1896 628 1952 Spectabilis
656 1900 701 1938 et
730 1896 966 1950 Magnifice
995 1895 1175 1937 domine
1202 1895 1478 1937 honorande.

363 1967 720 2009 Excusationem
757 1981 828 2009 me
860 1967 1025 2021 fingere
1056 1967 1129 2007 Vra
1160 1967 1400 2021 Magnifica
1443 1966 1709 2008 Dominatio
1740 1965 1910 2007 scribit.

215 2038 395 2093 Scripsi,
428 2042 480 2080 ut
511 2038 706 2093 probum
738 2043 783 2080 et
815 2038 992 2080 fidelem
1025 2037 1190 2079 decuit.
1225 2037 1358 2092 Quod
1388 2041 1543 2079 autern
1575 2036 1915 2078 Ferdinandum

218 2123 382 2163 regem,
431 2109 667 2151 dominum
713 2123 864 2151 meum
911 2108 1311 2151 clementissimum
1356 2121 1447 2150 non
1493 2121 1642 2162 regem
1688 2107 1915 2162 Ungariae

220 2180 279 2222 ad
310 2180 543 2222 diabolum
575 2180 741 2236 fugisse
773 2180 943 2230 scribit,
977 2180 1066 2221 Vrae
1086 2180 1242 2234 Magffl'
1269 2178 1596 2228 Dominationi,
1625 2192 1742 2233 quae
1773 2178 1917 2219 maior

167 2263 205 2289 25
220 2265 293 2293 me
322 2255 405 2300 est,
438 2265 619 2293 omnem
649 2251 803 2293 defero
831 2251 1061 2293 honorem.
1095 2250 1228 2305 Quod
1257 2250 1293 2292 si
1323 2263 1431 2292 vero
1460 2263 1587 2292 meae
1616 2249 1916 2291 sortis.homo

221 2321 269 2363 id
296 2321 463 2364 diceret
492 2322 564 2364 vel
592 2321 821 2371 scriberet,
851 2326 1019 2364 extunc
1058 2321 1251 2363 eundem
1280 2321 1429 2363 verbis
1457 2325 1502 2362 et
1531 2321 1665 2362 factis
1693 2319 1917 2361 mendacii

223 2406 468 2447 arguerem.
498 2392 600 2435 Scio
630 2393 750 2435 enirn
781 2393 1017 2435 dominum
1046 2405 1198 2434 meum
1221 2392 1376 2434 Sermum
1394 2405 1543 2445 regem
1562 2390 1916 2439 Ferdinandum‚

223 2463 459 2505 dominum
484 2478 637 2506 meum
664 2464 1078 2512 clementissimum,
1106 2477 1197 2505 non
1223 2463 1282 2504 ad
1307 2462 1539 2504 diabolum
1560 2462 1740 2516 fugisse,
1762 2461 1841 2503 sed
1865 2465 1917 2502 ut

223 2534 418 2590 probum
453 2539 498 2577 et
533 2535 957 2577 christianissimum
991 2534 1254 2588 iustumque
1286 2533 1536 2589 principem
1571 2533 1737 2582 decuit,
1773 2532 1839 2574 ita
1873 2531 1919 2572 in

172 2618 208 2644 30
225 2604 435 2647 omnibus
469 2606 748 2661 processisse.
784 2606 999 2660 Johanni,
1036 2619 1171 2660 quem
1207 2604 1472 2646 Dominatio
1507 2604 1580 2645 Vra
1602 2604 1741 2658 Mag&lt
1765 2602 1920 2644 scribit

225 2689 389 2730 regem,
411 2676 523 2718 nihil
545 2676 730 2732 obligor,
753 2677 857 2719 huic
879 2676 938 2718 ad
958 2680 1152 2718 mortem
1173 2689 1316 2730 usque
1337 2674 1551 2716 inservire
1572 2673 1795 2729 intrepide
1816 2673 1921 2715 volo

226 2750 271 2788 et
296 2747 386 2787 Vrae
410 2747 774 2802 Magnificentiae
809 2747 1175 2789 benevolentiam
1211 2759 1449 2800 nunquam
1473 2758 1695 2801 spernere,
1723 2744 1802 2786 sed
1827 2744 1922 2786 eius

227 2817 421 2872 gratiam
457 2822 654 2860 tantum.

373 2888 548 2930 Datum
563 2889 609 2930 in
626 2889 859 2930 obsidione
875 2887 1157 2937 Brassoviae,
1176 2886 1248 2929 die
1264 2885 1490 2928 dominico
1505 2890 1609 2941 post
1618 2886 1784 2928 Luciae
1795 2896 1918 2940 1529.

177 2994 214 3020 35
302 3037 337 3076 B
369 2978 425 3017 In
455 2979 570 3044 dorso
588 2993 602 3018 .·
635 2978 870 3031 Responsio
890 2991 962 3030 per
983 2976 1139 3017 Mailad
1171 2989 1295 3028 super
1327 2976 1521 3016 secundis
1552 2976 1705 3016 litteris
1725 2976 1924 3015 Moldavo

231 3049 282 3076 ex
339 3049 539 3077 rassovia.

370 3122 507 3168 (Copia
529 3134 689 3158 coaeva.
713 3124 881 3169 Magyar
903 3122 1087 3157 Nemzeti
1107 3123 1292 3157 Muzeum
1315 3122 1569 3163 kezirattara,
1594 3123 1814 3167 Budapest.
1839 3121 1923 3155 Fol.

222 3181 310 3215 Lat.
335 3191 446 3227 2275.
469 3193 559 3227 pag.
588 3193 670 3227 149.
695 3182 750 3227 b.)
