2209 3643
156 215 191 248 3.
215 203 310 250 Apr.
344 196 455 256 1500]
931 200 1006 235 No.
1029 211 1076 244 44
1800 209 1845 244 51

156 338 201 376 et
229 333 398 375 habitis
425 333 677 388 levatisque
704 332 948 382 dedissent,
975 328 1284 373 vendidissent
1313 333 1357 371 et
1386 328 1730 384 inscripsissent,
1759 328 1850 371 imo

157 404 395 454 dederunt,
420 404 724 446 vendiderunt
749 408 794 445 et
819 403 1141 458 inscripserunt
1167 414 1318 442 coram
1342 399 1486 449 nobis,
1512 399 1607 442 iure
1630 404 1851 456 perpetuo

159 480 203 517 et
242 474 595 517 irrevocabiliter
632 474 892 524 tenendam,
930 471 1263 529 possidendam,
1302 471 1471 527 pariter
1505 474 1550 512 et
1577 471 1850 521 habendam,

158 546 333 588 nullum
369 546 450 596 ius,
487 546 717 588 nullamve
752 545 858 587 iuris
893 549 938 586 et
974 543 1160 587 dominii
1201 542 1540 598 proprietatem,
1576 541 1613 584 si
1648 542 1770 598 quod
1805 546 1851 584 et

131 631 146 656 5
161 630 298 672 quam
323 617 543 659 hactenus
566 616 889 658 medietatibus
920 613 1278 671 possessionariis
1295 613 1340 654 in
1358 613 1646 669 praescriptis
1669 613 1852 656 habuis-

161 693 260 730 sent
285 688 357 730 vel
382 688 426 730 in
451 688 656 730 futurum
680 687 845 729 habere
868 690 1115 742 sperarent,
1140 684 1318 740 sibipsis
1340 685 1411 726 vel
1435 697 1589 726 eorum
1612 684 1852 740 posterita-

159 759 284 801 tibus
312 759 601 808 reservando,
646 759 726 800 sed
754 762 905 800 toturn
934 757 1002 799 ius
1030 769 1301 810 omnemque
1329 755 1435 797 iuris
1463 759 1507 796 et
1537 755 1723 797 dominii
1750 769 1852 811 pro-

158 829 402 885 prietatem
430 830 475 871 in
503 829 732 885 praefatos
756 829 1040 884 Stephanum
1067 827 1313 870 vaivodam
1340 830 1385 868 et
1413 826 1603 882 Bogdan
1630 827 1771 869 filium
1799 840 1852 868 ac

159 901 374 943 haeredes
411 905 455 942 et
493 900 784 956 posteritates
821 900 1065 942 eorundem
1101 898 1334 940 universos
1370 897 1683 940 transferendo
1719 898 1852 953 pleno

106 984 142 1011 ιο
159 971 278 1023 iure;
317 977 598 1014 assumentes
641 970 958 1013 nichilominus
999 968 1209 1012 annotati
1251 968 1483 1023 Johannes
1528 972 1573 1010 et
1621 968 1854 1010 Emericus

159 1042 328 1098 Banffy
361 1042 542 1084 eosdem
566 1042 850 1097 Stephanum
882 1041 1127 1083 vaivodam
1160 1044 1205 1082 et
1238 1039 1428 1095 Bogdan
1461 1039 1603 1081 filium
1636 1039 1851 1089 eiusdem,

158 1127 333 1156 necnon
371 1113 586 1155 haeredes
624 1118 668 1154 et
707 1112 998 1168 posteritates
1036 1110 1281 1153 eorundem
1318 1110 1543 1165 quoslibet
1582 1109 1627 1152 in
1664 1110 1853 1166 pacifico

160 1183 360 1227 dominio
387 1184 613 1226 dictarum
639 1183 939 1225 medietatum
965 1181 1415 1238 possessionariarum
1442 1186 1601 1223 contra
1626 1181 1851 1236 quoslibet

159 1255 384 1312 legitimos
413 1254 710 1310 impetitores,
740 1253 988 1296 causidicos
1009 1258 1054 1296 et
1079 1257 1253 1295 actores
1282 1256 1448 1302 tenere,
1479 1252 1596 1294 tueri
1625 1256 1670 1294 et
1701 1251 1853 1294 defen-

107 1338 142 1364 15
160 1327 264 1369 dere
284 1325 478 1382 propriis
498 1325 697 1381 ipsorum
717 1324 946 1367 laboribus
967 1329 1011 1367 et
1033 1323 1252 1379 expensis.
1270 1323 1358 1378 Qui
1377 1322 1414 1365 si
1434 1323 1480 1365 id
1500 1323 1646 1366 facere
1665 1323 1854 1373 nollent,

159 1411 251 1440 non
294 1400 493 1453 possent,
538 1400 619 1438 aut
661 1409 752 1438 non
795 1400 1004 1438 curarent
1047 1394 1360 1450 quovismodo,
1404 1398 1571 1436 extunc
1614 1393 1854 1437 memorati

157 1468 417 1524 Stephanus
443 1466 642 1509 vaivoda
669 1471 713 1509 et
742 1466 931 1523 Bogdan
957 1466 1074 1508 filius
1110 1465 1309 1507 eiusdem
1335 1465 1639 1521 haeredesque
1664 1469 1709 1507 et
1729 1470 1854 1521 post-

161 1539 321 1582 ritates
362 1537 607 1581 eorundem
649 1537 862 1587 universi,
904 1537 1050 1579 solum
1091 1536 1244 1592 vigore
1273 1536 1578 1590 praesentium
1608 1536 1854 1586 mediante,

161 1610 207 1652 in
232 1610 398 1653 totales
422 1609 655 1665 portiones
679 1608 1051 1664 possessionarias
1075 1607 1320 1649 eorundem
1342 1607 1564 1661 Johannis
1589 1612 1634 1650 et
1660 1606 1854 1649 Emerici

110 1693 146 1720 20
162 1681 206 1723 in
235 1681 405 1737 oppido
431 1679 645 1736 Hwnyad
677 1683 722 1721 et
754 1678 1052 1735 pertinentias
1090 1678 1290 1720 eiusdem
1317 1678 1362 1719 in
1390 1678 1612 1720 comitatu
1643 1678 1698 1720 de
1725 1678 1855 1720 Colos

162 1752 407 1794 existentes
420 1751 603 1793 habitas
617 1764 711 1792 sese
725 1749 1075 1799 intromittendi,
1090 1748 1249 1791 utendi
1263 1754 1307 1790 et
1322 1748 1581 1804 possidendi
1589 1749 1853 1804 fructusque

162 1827 207 1865 et
227 1823 451 1865 utilitates
464 1820 739 1878 percipiendi
753 1835 830 1863 seu
846 1820 1210 1876 percipifaciendi
1225 1820 1475 1875 plenariam
1489 1820 1689 1862 habeant
1704 1824 1855 1875 potes-

162 1894 273 1936 tatis
291 1894 573 1936 facultatem.
608 1893 662 1934 In
681 1892 808 1934 cuius
827 1891 890 1934 rei
909 1891 1172 1933 memoriam
1202 1890 1556 1945 firmitatemque
1586 1894 1855 1946 perpetuam

162 1969 421 2021 praesentes
441 1964 616 2006 litteras
632 1968 810 2006 nostras
824 1961 1122 2019 privilegiales
1139 1961 1379 2017 pendentis
1397 1965 1442 2003 et
1458 1961 1710 2003 authentici
1724 1961 1855 2017 sigilli

110 2048 145 2074 2⁵
163 2035 307 2078 nostri
331 2035 580 2077 munimine
605 2034 841 2077 roboratas
866 2038 911 2075 et
939 2033 1224 2087 consignatas
1251 2032 1464 2074 duximus
1490 2031 1812 2074 concedendas.

311 2107 485 2148 Datum
517 2106 629 2148 feria
660 2105 821 2161 quinta
864 2104 1070 2160 proxima
1105 2108 1212 2145 ante
1253 2103 1420 2144 festum
1463 2102 1596 2144 Beati
1624 2103 1855 2145 Valentini

164 2177 390 2233 martyris
425 2178 559 2219 Anno
590 2176 773 2218 Domini
802 2175 1037 2217 Millesimo
1075 2173 1448 2229 quingentesimo.

310 2266 655 2311 (Transsumptum
678 2265 865 2310 originale
886 2266 1106 2298 conventus
1134 2262 1317 2297 ecclesiae
1345 2263 1394 2296 de
1424 2262 1776 2298 Kolozsmonostor
1805 2263 1855 2298 de

167 2336 272 2360 anno
302 2336 410 2371 1500.
437 2325 631 2370 Orszagos
656 2324 851 2364 Leveltar‚
883 2323 1100 2368 Budapest.
1128 2322 1190 2356 Dl.
1219 2322 1370 2366 36869.)

114 2473 147 2499 30
974 2461 1043 2502 44.

595 2554 983 2601 Kolozsmonostor,
1015 2563 1055 2604 3.
1092 2551 1267 2606 Aprilis
1298 2563 1424 2604 1500.

167 2646 409 2685 Conventus
441 2644 636 2684 ecclesiae
669 2645 720 2683 de
753 2643 1125 2682 Kolozsrnonostor
1155 2653 1231 2693 pro
1262 2645 1382 2693 parte
1412 2641 1615 2693 Stephani
1647 2642 1855 2681 vaivodae

882 2701 1128 2740 Moldaviae.

316 2789 596 2832 Fassionales
630 2789 825 2843 Ioannis
859 2792 897 2829 et
930 2786 1120 2828 Emerz'ci
1157 2786 1325 2839 Bcinffy
1359 2786 1408 2826 de
1442 2786 1631 2827 Losoncz
1663 2790 1741 2841 pro
1764 2786 1856 2828 Ste-

117 2884 153 2910 35
168 2860 312 2916 phano
340 2860 520 2902 vaivoda
545 2861 601 2902 M
604 2860 797 2902 oldaviae
823 2863 859 2900 et
885 2858 978 2899 eius
997 2857 1094 2909 silio
1118 2856 1296 2911 Bogdan
1322 2861 1453 2911 super
1477 2856 1697 2898 medietate
1722 2857 1855 2899 altem

169 2931 490 2986 possessionum
503 2931 536 2984 J
540 2931 775 2986 osiplcipos,
800 2929 1005 2976 Alsete'cs,
1036 2927 1214 2976 Borkzit,
1242 2927 1560 2976 Macskamezo‘g
1586 2927 1854 2982 anpataka

170 3006 207 3043 et
230 3001 353 3055 Rolzy
381 3001 430 3043 in
458 3001 661 3043 comitatu
690 3000 873 3042 Szolnok
904 2997 1098 3040 interiori
1127 2997 1400 3039 existentium
1420 2998 1482 3038 eis
1510 2997 1793 3040 venditarum.

316 3095 576 3136 Conventus
621 3093 882 3135 monasterii
927 3093 1098 3134 Beatae
1143 3091 1310 3133 Mariae
1355 3091 1548 3146 Virginis
1594 3092 1649 3133 de
1695 3092 1855 3134 Kolos-

171 3169 415 3206 monostra.
463 3165 683 3206 Omnibus
729 3163 892 3206 Christi
936 3162 1158 3211 fidelibus,
1204 3166 1300 3203 tam
1344 3162 1671 3217 praesentibus,
1716 3177 1854 3217 quam

1667 3250 1710 3294 4*
