2209 3643
150 174 208 207 26.
229 171 336 217 Sept.
363 167 473 222 1508]
914 172 988 207 No.
1013 182 1056 218 71
1799 179 1846 214 95

149 304 241 347 ullo
276 307 412 358 pacto
447 301 717 357 intelligant.
757 303 867 344 Cum
905 307 1059 344 autem
1095 302 1326 357 praefatos
1361 305 1561 343 oratores
1596 300 1766 342 miserit
1802 305 1847 342 et

150 377 277 424 tales,
308 374 476 429 quales,
506 373 762 428 taliterque,
793 374 987 428 qualiter
1027 373 1207 415 mittere
1236 373 1385 422 debet,
1416 372 1601 421 miserit,
1633 372 1850 414 Fidelitas

150 449 313 490 Vestra
329 445 510 487 eosdem
532 443 662 486 isthic
680 458 770 486 non
785 445 998 493 retineat,
1016 458 1161 499 neque
1177 458 1279 486 cum
1308 443 1370 485 eis
1397 443 1642 498 quicquam
1671 444 1849 485 conclu-

153 519 247 567 dat,
264 517 342 558 sed
357 516 476 571 ipsos
492 530 597 557 mox
619 519 663 558 et
680 515 1014 558 incontinenter
1028 516 1085 557 ad
1106 529 1187 557 nos
1208 515 1380 564 mittat,
1404 515 1481 569 qui
1502 529 1604 557 cum
1626 515 1846 564 venerint,

121 588 515 644 ⁵legationemque
550 586 693 642 ipsam
729 587 858 628 nobis
893 586 1183 641 exposuerint
1219 592 1263 628 et
1300 586 1471 627 interea
1505 586 1643 627 etiam
1679 586 1851 640 absque

154 660 293 703 dubio
319 659 412 714 ipse
438 658 609 700 Czobor
632 657 812 706 redibit,
839 658 909 700 vel
935 658 1130 712 qualiter
1154 658 1198 699 in
1222 658 1356 699 rebus
1380 656 1545 698 nostris
1568 657 1848 712 processerit,

154 731 285 774 nobis
330 729 492 771 litteris
538 733 618 770 aut
665 729 836 771 nuntiis
882 729 1172 784 significabit,
1220 728 1475 770 videbimus
1519 733 1692 783 postea,
1741 729 1851 783 quid

152 802 284 846 nobis
315 800 572 842 faciendum
609 799 706 841 erit.
743 801 906 854 Itaque
940 800 1156 842 Fidelitas
1187 800 1349 841 Vestra
1380 798 1547 854 poterit
1579 799 1725 840 eidem
1757 800 1851 841 vai—

153 873 299 916 vodae
330 871 528 927 Myhnae
558 871 811 925 significare
841 871 1022 913 nomine
1053 885 1147 919 suo,
1181 870 1376 925 qualiter
1405 870 1495 912 iarn
1526 870 1604 912 diu
1635 871 1670 911 F
1674 870 1853 912 idelitas

102 954 136 980 10
154 946 316 987 Vestra
340 947 384 984 et
409 956 489 998 per
512 956 572 991 se,
599 947 643 984 et
669 956 748 997 per
771 956 876 984 suos
901 942 1084 991 amicos,
1111 942 1359 983 secundum
1384 941 1523 997 ipsius
1547 941 1849 991 voluntatem,

155 1017 213 1059 ad
250 1028 379 1057 suam
416 1013 687 1068 petitionem
723 1028 806 1069 pro
843 1014 940 1069 ipso
978 1014 1100 1068 apud
1138 1013 1424 1054 Maiestatem
1463 1013 1678 1054 Nostram
1716 1012 1852 1054 inter-

155 1086 350 1133 cesserit,
391 1089 443 1126 ut
484 1084 578 1140 ipse
618 1098 838 1127 consensu
877 1089 922 1126 et
963 1084 1308 1126 confirmatione
1348 1088 1516 1132 nostra,
1558 1083 1603 1124 in
1643 1084 1852 1138 praefato

154 1171 291 1213 regno
322 1160 477 1198 nostro
507 1156 820 1211 Transalpino,
852 1155 922 1197 uti
952 1169 1085 1197 verus
1115 1159 1160 1196 et
1191 1154 1418 1210 legitimus
1449 1154 1647 1196 vaivoda
1677 1168 1852 1210 perma—

156 1242 260 1271 nere
292 1227 448 1283 possit,
482 1227 748 1282 praesertim
780 1232 1026 1282 postquam
1059 1226 1280 1268 intellexit
1303 1227 1401 1274 hoc,
1419 1225 1542 1280 quod
1574 1225 1668 1280 ipse
1700 1226 1853 1268 omnia

102 1310 138 1336 15
157 1300 215 1342 sit
230 1303 418 1355 paratus
445 1297 604 1346 facere,
622 1312 819 1340 unacum
846 1297 937 1339 suis
964 1297 1175 1339 omnibus
1201 1296 1510 1353 boyaronibus
1537 1301 1581 1337 et
1609 1311 1712 1338 cum
1752 1302 1854 1339 tota

157 1371 233 1413 illa
254 1374 411 1411 nostra
433 1369 681 1424 provincia,
707 1383 1003 1424 quaecunque
1027 1368 1240 1410 Maiestas
1263 1369 1432 1410 Nostra
1467 1367 1608 1421 Regia
1643 1368 1851 1418 voluerit,

157 1442 306 1496 sitque
348 1444 537 1495 paratus
579 1440 724 1482 iurare
767 1445 811 1482 et
854 1439 1119 1495 promittere
1163 1453 1213 1481 ac
1256 1439 1395 1481 etiam
1437 1443 1658 1494 perpetuo
1700 1439 1854 1481 omnia

158 1511 478 1555 inviolabiliter
514 1525 605 1553 una
641 1526 744 1553 cum
780 1511 871 1553 suis
908 1511 1146 1552 observare
1181 1515 1226 1552 et
1264 1524 1383 1552 nunc
1420 1523 1600 1564 quoque
1637 1510 1856 1552 Fidelitas

159 1585 323 1626 Vestra
353 1582 476 1637 apud
505 1596 587 1624 nos
617 1597 695 1637 per
725 1596 828 1624 suos
859 1582 1072 1636 speciales
1103 1586 1317 1630 oratores,
1349 1580 1655 1636 praesentium
1685 1581 1854 1624 scilicet

106 1665 142 1691 20
161 1654 450 1702 exhibitores,
496 1653 747 1696 intercessit
792 1658 836 1695 et
883 1653 1005 1708 quod
1049 1652 1189 1694 credit
1235 1652 1451 1694 Fidelitas
1494 1652 1669 1701 Vestra,
1715 1652 1856 1695 immo

161 1725 290 1782 quasi
317 1725 456 1767 etiam
483 1739 565 1779 pro
592 1729 824 1780 comperto
851 1725 1005 1773 habet,
1035 1724 1171 1778 quod,
1200 1728 1445 1778 postquam
1473 1736 1555 1764 nos
1582 1728 1781 1765 mentem
1809 1728 1854 1766 et

162 1797 364 1840 animum
394 1810 527 1837 suum
558 1796 616 1837 ab
646 1796 901 1838 oratoribus
931 1795 1293 1849 fidelitatemque
1323 1799 1367 1836 et
1399 1793 1601 1835 debitam
1616 1794 1855 1836 oboedien-

161 1868 274 1911 tiam
300 1881 351 1909 ac
375 1871 586 1922 paratam
611 1867 739 1916 bene,
767 1866 1050 1920 fideliterque
1074 1865 1298 1907 serviendi
1323 1865 1610 1907 voluntatem
1636 1865 1855 1907 intellexi-

162 1953 277 1988 mus,
300 1938 424 1993 quod
444 1951 526 1980 nos
548 1938 697 1994 ipsum
719 1952 746 1980 a
766 1937 896 1979 nobis
917 1951 1008 1979 non
1031 1936 1342 1985 alienabimus,
1365 1950 1456 1977 non
1478 1935 1753 1985 abiiciemus,
1777 1937 1857 1978 sed

109 2020 147 2047 25
164 2009 367 2052 fortassis
402 2014 556 2051 vestra
591 2008 907 2051 intercessione
944 2008 1038 2050 eius
1073 2006 1259 2049 servitia
1294 2006 1632 2061 acceptabimus
1668 2011 1712 2048 et
1749 2020 1856 2062 sup-

163 2080 484 2137 plicationibus
516 2080 608 2122 suis
641 2080 827 2122 tandem
862 2080 1011 2121 locum
1044 2078 1360 2133 relinquemus.
1397 2077 1480 2119 His
1513 2081 1558 2119 et
1595 2077 1690 2119 aliis
1722 2078 1857 2120 rebus

165 2152 354 2208 pulchro
380 2151 531 2200 modo,
560 2165 761 2206 sanoque
789 2149 987 2199 consilio,
1018 2149 1182 2204 quibus
1210 2148 1442 2190 Fidelitati
1469 2148 1656 2190 Vestrae
1685 2162 1766 2203 pro
1792 2148 1856 2191 rei

166 2228 211 2266 et
250 2222 467 2278 temporis
505 2222 763 2265 conditione
802 2222 961 2263 melius
999 2226 1043 2262 et
1084 2219 1331 2262 consultius
1369 2219 1612 2268 videbitur,
1669 2219 1857 2262 inducat

166 2294 315 2350 ipsum
342 2307 422 2348 per
446 2298 671 2335 oratorem
697 2298 742 2336 et
767 2293 981 2335 nuntium
1008 2305 1154 2340 suum,
1182 2295 1234 2332 ut
1260 2304 1364 2332 suos
1389 2295 1588 2332 oratores
1614 2290 1672 2331 ad
1697 2290 1855 2332 Maies-

115 2374 150 2400 30
167 2369 312 2407 tatem
342 2365 557 2406 Nostram
586 2364 758 2407 mittat.
782 2364 1002 2406 Volumus
1022 2362 1156 2411 enim,
1180 2366 1231 2403 ut
1263 2375 1441 2403 omnem
1472 2374 1597 2416 spem
1627 2361 1771 2402 eidem
1801 2361 1857 2403 de

168 2435 298 2478 nobis
323 2435 620 2490 promittatis,
648 2449 807 2490 neque,
835 2440 887 2477 ut
915 2448 1018 2476 eum
1045 2433 1090 2475 in
1117 2432 1327 2474 omnibus
1352 2436 1508 2474 nostro
1533 2431 1713 2473 nomine
1740 2445 1856 2474 asse-

170 2505 349 2555 curetis,
379 2520 539 2560 neque,
569 2510 620 2548 ut
651 2506 796 2548 eidem
825 2519 950 2561 spem
981 2504 1070 2546 iam
1101 2507 1366 2558 conceptam
1395 2507 1439 2544 et
1470 2502 1614 2544 eidem
1644 2502 1857 2558 qualiter-

171 2591 347 2631 cunque
367 2572 635 2632 promissam
656 2576 882 2619 adimatis.
906 2577 965 2618 Et
988 2589 1091 2617 cum
1112 2574 1181 2616 sui
1201 2579 1401 2616 oratores
1421 2573 1573 2615 venire
1594 2573 1855 2628 inceperint,

171 2647 319 2689 visum
348 2647 434 2689 fuit
463 2647 692 2690 Maiestati
720 2649 913 2690 Nostrae
941 2646 1188 2688 admodum
1228 2645 1464 2699 quadrare,
1506 2648 1557 2685 ut
1597 2643 1735 2685 etiam
1775 2658 1857 2686 vos

120 2728 157 2755 35
173 2718 368 2773 aliquem
395 2718 634 2773 specialem
654 2724 857 2761 vestrum
898 2717 1125 2759 hominem
1159 2716 1325 2758 eisdem
1359 2714 1674 2770 adiungeretis,
1708 2714 1857 2756 medio

173 2788 299 2830 cuius
328 2802 506 2830 rursum
537 2789 850 2845 supplicaretis
882 2788 1011 2830 nobis
1042 2800 1177 2842 penes
1209 2786 1494 2828 voluntatem
1526 2785 1665 2840 ipsius
1696 2790 1741 2827 et
1772 2786 1859 2828 hoc

173 2859 312 2901 etiam
329 2859 473 2901 eidem
490 2859 699 2902 intimare
715 2859 918 2915 potestis,
938 2859 1060 2913 quod
1076 2871 1157 2899 vos
1174 2857 1239 2899 ita
1255 2857 1400 2899 facere
1416 2855 1655 2904 statuistis,
1674 2856 1858 2910 quando

174 2930 269 2985 ipse
294 2943 397 2972 suos
422 2930 592 2973 miserit
619 2936 832 2979 oratores,
860 2929 1024 2972 iudicio
1049 2933 1204 2970 nostro
1229 2942 1319 2969 non
1345 2933 1459 2969 esset
1486 2927 1670 2975 malum,
1697 2931 1749 2968 ut
1776 2940 1857 2968 vos

176 3014 355 3055 quoque
378 3002 673 3044 ostenderetis
696 3001 749 3051 ei,
774 3001 897 3056 quod
910 2999 1043 3042 sicuti
1065 2999 1175 3041 alias
1197 3012 1279 3054 pro
1300 3011 1352 3039 eo
1374 2998 1566 3039 libenter
1587 2997 1860 3039 intercessis-

121 3083 158 3108 40
176 3070 235 3112 tis
259 3071 381 3125 apud
404 3085 499 3120 nos,
526 3072 591 3114 ita
615 3072 753 3114 etiam
777 3086 910 3120 nunc,
937 3070 1120 3125 quando
1144 3073 1343 3111 oratores
1366 3068 1434 3110 sui
1459 3067 1581 3123 apud
1604 3081 1685 3109 nos
1709 3072 1855 3117 erunt,

178 3140 450 3183 intercedere
474 3142 626 3184 vultis.
655 3143 889 3198 Quantum
915 3155 1022 3184 vero
1048 3141 1106 3182 ad
1132 3139 1429 3182 occlusionem
1455 3138 1572 3180 illius
1596 3138 1710 3188 viae,
1738 3153 1859 3181 com-
