2209 3643
301 193 346 225 16
1070 183 1144 216 No.
1170 193 1213 227 15
1674 173 1723 231 [3.
1756 180 1861 215 Nov.
1894 190 1991 225 1475

301 333 417 374 quae
440 323 483 360 et
505 317 670 359 nostris
691 315 825 356 rebus
846 317 890 354 et
912 312 1050 354 etiam
1077 310 1269 353 utilitati
1294 314 1474 352 vestrae
1501 324 1552 351 ac
1578 309 1711 350 rebus
1738 309 1994 350 christianis

303 395 348 432 et
373 388 508 431 saluti
532 386 738 442 publicae
753 384 1000 439 plurimum
1022 382 1260 423 conducat.
1279 382 1511 436 Rogamus
1535 381 1691 435 itaque
1705 379 1994 421 Fidelitatem

301 462 411 501 Vffim’
441 463 492 500 ut
506 471 595 499 non
612 469 740 510 aegre
761 455 875 496 ferat
891 455 1008 494 hanc
1028 452 1296 494 tarditatem
1318 466 1461 502 suam,
1479 465 1617 506 quarn
1639 450 1745 492 fecit
1761 450 1816 492 de
1836 450 1995 492 volun-

306 534 403 572 tate
428 533 583 570 nostra
604 541 612 577 ;
640 527 676 567 is
702 525 821 566 enim
846 538 1021 565 moram
1047 524 1164 565 hanc
1189 537 1318 565 suam
1339 523 1512 564 meliori
1533 535 1681 564 rerum
1708 521 1994 576 expeditione

303 598 627 655 compensabit.
653 598 841 638 Datum.
2034 606 2052 632 5

439 690 464 728 I
467 689 669 728 ntitulatz'o
687 702 698 725 .·
720 686 786 725 Ad
804 686 1069 737 Stephanum
1096 685 1349 736 Wayvodam
1371 684 1651 723 Moldvaviae.

446 776 583 821 (Copia
605 774 774 819 simplex
796 774 965 818 Magyar
986 772 1171 806 Nemzeti
1192 772 1389 812 Msneum,
1416 772 1635 817 Budapest.
1661 770 1744 804 Fol.
1770 770 1859 804 Lat.
1887 771 1997 814 1656.

299 837 366 871 fol.
394 846 453 881 57.
481 835 642 869 Edidit:
672 833 846 867 Fraknoi
870 833 893 866 l.
921 843 953 866 c.
980 832 1058 866 vol.
1087 832 1117 865 I.
1144 842 1234 876 pag.
1262 830 1492 876 314—315.)

1111 982 1182 1023 15.

727 1081 1002 1130 Ρέΐσνυάναιῖ,
1047 1091 1087 1132 3.
1134 1078 1390 1120 Novembris
1435 1089 1562 1132 1475.
2017 1089 2051 1116 ις)

452 1174 634 1213 Mathias
666 1186 738 1212 rex
772 1171 1015 1223 Hungariae
1044 1171 1165 1210 Sixto
1198 1170 1269 1209 IV.
1304 1169 1498 1221 pontifici
1531 1168 1834 1206 Romanorum.

442 1274 644 1327 Rogatzszs,
687 1277 733 1313 ‘nt
773 1271 1045 1326 Stephanum
1085 1269 1312 1311 vaz'vodam
1351 1267 1604 1310 Moldavz'cze
1644 1270 1789 1308 contra
1832 1265 1998 1306 Tm‘cas

301 1346 537 1394 adiuvaret,
568 1358 610 1385 se
640 1344 730 1385 iam
757 1347 988 1398 properare
1017 1345 1053 1382 et
1082 1340 1276 1392 infideles
1305 1339 1527 1380 recessisse
1555 1337 1804 1378 annuntiat.

447 1447 716 1490 Beatissime
743 1447 788 1489 in
817 1447 994 1489 Christo
1022 1447 1158 1487 Pater
1185 1450 1229 1487 et
1258 1445 1439 1487 domine
1466 1444 1648 1486 domine
1675 1443 1999 1486 colendissime.

305 1520 413 1561 Post
442 1519 658 1560 devotam
687 1518 775 1560 mei
803 1517 1246 1560 commendationem
1276 1516 1333 1558 ad
1362 1516 1515 1558 oscula
1541 1515 1709 1571 pedum
1735 1514 2003 1556 Sanctitatis
2018 1526 2055 1553 15

304 1591 392 1630 Vffie
424 1591 677 1632 beatorum.
706 1589 975 1631 Beatissime
996 1590 1145 1637 Pater,
1174 1588 1360 1629 hortata
1381 1591 1448 1629 est
1475 1601 1547 1628 me
1573 1586 1751 1641 saepius
1774 1585 2004 1627 Sanctitas

305 1662 388 1702 V¹³’
429 1666 480 1703 ut
518 1665 678 1702 contra
703 1661 1023 1716 imperatorem
1043 1660 1293 1701 Turcorum
1328 1659 1373 1700 in
1407 1658 1673 1713 sanguinem
1707 1657 2004 1698 christianum

308 1732 362 1773 de
386 1732 456 1774 die
480 1732 525 1773 in
550 1732 668 1773 diem
692 1732 835 1786 magis
850 1732 1127 1773 saevientem
1144 1744 1270 1772 arma
1284 1743 1521 1779 sumerem,
1547 1741 1780 1783 nuperque
1803 1727 2005 1769 strictius

308 1803 558 1858 requisivit,
589 1808 640 1845 ut
667 1803 901 1858 Stephano
928 1801 1162 1844 waivodae
1189 1800 1487 1843 Moldaviensi
1517 1798 1685 1842 auxilio
1714 1812 1869 1840 essem.
1900 1799 2004 1840 Non

309 1874 485 1923 dubito,
511 1874 781 1916 Beatissime
808 1875 958 1922 Pater,
979 1872 1283 1915 Sanctitatem
1309 1873 1408 1913 Ῥω
1437 1876 1481 1913 et
1509 1885 1588 1926 per
1614 1870 1803 1919 litteras,
1819 1869 2005 1911 nuntios
2020 1881 2058 1907 20

309 1950 354 1986 et
393 1949 592 1987 oratores
629 1959 767 1995 meos,
794 1958 885 1986 non
912 1944 1104 1986 dixerim
1143 1942 1429 1991 desiderium,
1469 1942 1548 1983 sed
1597 1940 1803 1982 ardorem
1853 1954 2005 1982 meum

311 2016 471 2071 agendi
508 2020 667 2058 contra
703 2016 823 2072 ipsos
858 2016 1028 2057 Turcos
1064 2015 1155 2056 iam
1192 2013 1371 2068 saepius
1406 2012 1692 2061 intellexisse,
1730 2011 1899 2066 quidve
1935 2024 2007 2053 me

311 2087 607 2142 prohibuerit,
645 2101 701 2128 ne
736 2092 862 2129 totus
898 2101 1000 2128 curn
1037 2090 1137 2127 toto
1171 2098 1308 2139 regno
1342 2098 1443 2126 meo
1478 2084 1523 2125 in
1559 2096 1821 2125 communes
1855 2082 2008 2124 hostes

311 2158 531 2200 hactenus
571 2158 867 2213 proruperim,
911 2156 1257 2212 occupationem
1298 2154 1467 2196 scilicet
1508 2153 1613 2196 belli
1654 2152 1886 2195 Bohemici
1927 2165 2008 2207 pro

314 2229 573 2271 obedientia
603 2229 720 2270 illius
748 2229 943 2271 Sanctae
988 2227 1115 2270 Sedis
1145 2240 1224 2281 per
1253 2240 1325 2268 me
1367 2225 1565 2280 suscepti
1608 2224 2008 2280 imparitatemque
2022 2235 2060 2262 25

314 2299 492 2349 virium,
530 2313 643 2355 quas
678 2300 715 2341 si
751 2298 998 2342 confortari
1034 2302 1079 2340 et
1116 2297 1269 2353 augeri
1304 2296 1557 2346 sollicitavi,
1595 2308 1687 2338 non
1722 2298 1774 2337 ut
1811 2293 2008 2349 cuipiam

315 2370 456 2411 forem
478 2370 779 2425 importunus,
804 2371 883 2413 sed
905 2374 956 2412 ut
980 2370 1114 2412 rebus
1137 2367 1392 2411 christianis
1414 2366 1729 2408 miserabiliter
1750 2365 2009 2407 labentibus

316 2441 634 2491 consuleretur,
659 2441 755 2483 feci.
782 2443 908 2492 Post,
924 2441 1003 2483 ubi
1016 2454 1123 2482 vero
1147 2439 1334 2482 caeteris
1356 2438 1565 2480 hostibus
1587 2450 1747 2493 pacem
1770 2436 1865 2478 sive
1886 2435 2010 2491 pacis

317 2511 519 2553 inducias
549 2511 666 2561 dedi,
698 2526 805 2554 mox
836 2513 894 2554 ad
925 2511 1215 2553 conflandum
1246 2509 1495 2552 exercitum
1526 2508 1868 2564 parandamque
1899 2506 2009 2548 clas-

317 2595 410 2624 sem
446 2581 492 2623 in
529 2582 686 2624 Histro
721 2584 816 2625 sive
853 2582 1067 2625 Danubio
1102 2596 1175 2624 me
1211 2580 1429 2630 converti,
1467 2579 1594 2622 cuius
1630 2582 1878 2634 apparatus
1914 2577 2009 2618 solo
2023 2590 2059 2617 30

319 2652 479 2694 auditu
505 2653 753 2708 imperator
784 2654 890 2709 ipse,
914 2658 1016 2695 tota
1045 2654 1130 2695 hac
1162 2655 1336 2695 aestate
1367 2665 1470 2693 curn
1502 2649 1703 2692 maximo
1733 2647 1933 2690 exercitu
1964 2647 2010 2688 in

318 2738 409 2765 uno
427 2724 524 2764 loco
544 2724 785 2779 campestri
804 2725 922 2766 fixus
940 2724 1108 2766 mansit
1130 2737 1139 2774 ;
1177 2737 1269 2765 non
1288 2736 1450 2777 parum
1470 2719 1781 2763 huiuscemodi
1800 2722 2010 2773 expecta-

319 2794 441 2835 tione
465 2794 698 2849 fatigatus‚
725 2809 945 2850 expensas
969 2795 1186 2850 plurimas
1210 2793 1332 2843 fecit,
1358 2791 1582 2848 praesidia
1605 2790 1651 2832 in
1674 2789 1782 2832 locis
1805 2788 2010 2830 finitimis

320 2865 466 2906 multa
492 2864 675 2915 locavit,
706 2870 750 2907 et
781 2866 859 2921 qui
887 2865 1208 2921 Transalpinas
1238 2865 1329 2906 fere
1357 2862 1441 2904 sibi
1471 2861 1806 2916 subiugaverat,
1838 2859 2010 2901 Molda-

320 2949 429 2976 vum
462 2934 702 2977 invasurus
734 2941 931 2979 retracto
962 2937 1076 2992 pede
1107 2936 1152 2977 in
1185 2935 1276 2977 suis
1307 2933 1488 2975 mansit.
1523 2933 1729 2985 Utroque
1761 2930 1929 2985 itaque,
1964 2934 2009 2972 et
2023 2944 2061 2970 35

322 3005 534 3055 terrestri,
564 3010 608 3047 et
636 3007 788 3048 navali
817 3007 1075 3049 coadunato
1096 3005 1309 3054 exercitu,
1345 3004 1391 3045 in
1423 3002 1605 3044 nomine
1631 3001 1715 3043 Dei
1734 3000 1890 3050 nostri,
1921 3002 2009 3042 Vm

319 3075 584 3116 Sanctitatis
611 3077 830 3118 mandata
856 3077 1087 3118 humiliter
1114 3075 1373 3130 suscipienS,
1404 3073 1494 3114 iam
1523 3072 1695 3126 aliquot
1725 3071 1897 3113 dierum
1925 3071 2010 3113 iter

323 3144 501 3200 perfeci,
536 3159 829 3201 properoque,
865 3152 916 3188 ut
949 3161 1040 3188 non
1073 3147 1219 3189 solum
1253 3144 1531 3193 Moldavum‚
1567 3142 1638 3184 cui
1672 3156 1774 3184 cum
1807 3142 1865 3184 sit
1898 3141 2009 3183 mihi

2200 834 2204 853 ἰ

2201 1007 2205 1028 ι’

2202 1045 2206 1091 ζ

2202 1097 2206 1119 2
