2209 3643
273 195 342 227 192
1032 185 1107 219 No.
1134 194 1201 228 152
1638 179 1712 234 [21.
1734 185 1844 231 Junii
1867 195 1964 230 1529

273 330 379 358 vero
396 316 534 357 etiam
552 315 597 356 in
614 314 846 361 Valachia,
865 317 1098 354 monetam
1116 326 1246 354 suam
1267 313 1326 354 ad
1354 313 1499 355 instar
1526 318 1736 356 monetae
1765 310 1846 357 Mtis
1874 315 1963 356 Vrae

272 391 317 428 et
339 387 422 428 sub
443 385 599 426 eodem
621 384 748 438 signo
769 383 954 426 cudant.
979 383 1052 424 Fit
1074 383 1194 425 enim
1215 383 1299 425 hoc
1320 398 1423 425 cum
1444 398 1536 426 non
1556 384 1769 426 mediocri
1804 390 1849 428 et
1883 380 1963 427 Mtis

270 458 373 507 Vm,
389 460 433 498 et
449 455 735 497 subditorum
751 453 954 495 omnium
970 468 1154 496 suorum
1169 454 1331 495 iniuria
1346 468 1398 495 ac
1412 454 1699 497 detrimento.
1724 456 1777 497 In
1797 469 1888 511 qua
1902 470 1961 504 re,

270 527 393 581 quod
425 525 638 567 Maiestas
670 525 957 566 Vffilocorum
990 524 1230 579 praefectis
1273 529 1318 566 et
1347 525 1690 580 magistratibus
1722 526 1963 568 civitatum

270 596 485 638 mandare
513 595 701 649 dignata
728 599 811 643 est,
840 609 896 636 ne
923 595 1015 636 ullo
1042 609 1097 637 ex
1124 596 1222 637 1000
1250 596 1411 637 falsam
1442 600 1675 637 monetam
1702 596 1747 638 in
1774 611 1961 652 regnum
2001 611 2017 636 5

269 672 313 709 et
335 666 535 708 dominia
554 679 636 707 sua
656 665 893 721 importari
912 665 1164 720 patiantur,
1186 680 1457 721 magnopere
1478 666 1588 707 mihi
1607 667 1731 715 utile,
1753 681 1964 722 praesens

269 743 314 779 et
346 736 645 779 necessarium
677 736 861 778 videtur
892 736 1142 779 consilium.
1176 737 1345 778 Verum
1376 737 1461 779 hoc
1492 737 1631 778 etiam
1663 738 1963 780 necessarium

268 813 313 850 et
343 808 401 849 ad
428 821 522 848 rem
551 807 694 861 magis
723 807 1071 849 accomodatum
1100 807 1344 855 videretur,
1374 807 1410 848 si
1450 807 1664 849 Maiestas
1703 809 1774 850 Vra
1802 808 1964 850 litteris

269 879 387 920 datis
413 878 471 919 ad
496 877 767 919 voievodam
794 877 1163 926 Moldaviensem,
1191 878 1249 919 ad
1274 878 1498 933 principes
1519 878 1685 920 Slesiae
1710 893 1762 921 ac
1787 879 1964 921 ordines

271 962 486 1004 quosque,
530 948 587 989 ad
634 962 828 1003 quorum
875 948 1112 990 scientiam
1147 949 1258 990 haec
1304 949 1468 990 iniuria
1513 950 1539 990 R
1561 943 1594 968 tis
1627 950 1716 991 Vrae
1750 950 2016 1005 pertinet,1o

269 1019 525 1074 expostulet
554 1019 754 1073 graviter
782 1033 886 1060 cum
915 1019 1001 1060 illis
1029 1020 1085 1061 de
1113 1020 1198 1061 hoc
1227 1024 1366 1074 atque
1394 1020 1492 1061 illos
1521 1020 1804 1069 adhortetur,
1834 1034 1890 1062 ne
1918 1021 1964 1062 in

269 1090 594 1145 praeiudicium
634 1084 717 1131 Mtis
755 1090 845 1131 Vrae
883 1094 928 1131 et
968 1090 1092 1144 regni
1125 1090 1193 1132 sui
1220 1090 1417 1132 universi
1445 1095 1677 1132 monetam
1704 1091 1866 1132 falsam
1893 1091 1964 1133 vel

268 1161 352 1216 ipsi
378 1161 563 1210 cudant,
591 1161 663 1202 vel
689 1160 780 1202 suis
806 1161 967 1202 cudere
993 1161 1263 1215 permittant
1286 1175 1294 1211 ;
1322 1165 1406 1203 010.

680 1269 797 1312 (Αο13
824 1268 1057 1302 Το1111013113
1086 1268 1163 1302 vol.
1196 1269 1268 1302 XI.
1299 1279 1387 1314 pag.
1422 1269 1520 1313 157.)

1066 1444 1163 1485 152.
1980 1448 2014 1474 15

835 1553 979 1602 Bada,
1010 1565 1078 1594 21.
1108 1553 1245 1607 Jum‘i
1272 1565 1398 1608 1529.

265 1644 449 1681 Thomas
475 1644 692 1684 Szalahazi
722 1646 945 1697 episcopus
976 1646 1187 1697 Agriensis
1218 1646 1484 1684 Ferdinando
1527 1646 1558 1684 Ι.
1590 1645 1674 1695 regi
1704 1644 1959 1695 Hungariae.

407 1756 507 1796 Duo
537 1755 662 1809 legati
692 1756 747 1796 M
751 1755 893 1797 oldam?
923 1755 972 1798 in
1005 1755 1342 1809 Transylvania.
1377 1755 1498 1797 Alter
1528 1755 1748 1804 occiditur,
1780 1755 1884 1796 alter
1913 1754 1962 1795 in

263 1826 555 1881 captivitatem
591 1826 775 1868 ducitur.

413 1945 639 1986 Hesterno
666 1944 737 1985 die
765 1957 971 1985 reversus
1005 1948 1072 1986 est
1100 1957 1155 1985 ex
1183 1943 1519 1985 Transsilvania
1546 1944 1749 1985 Andreas
1777 1943 1962 1985 Clissen-
1976 1955 2013 1982 20

268 2015 340 2063 sis,
382 2015 458 2069 qui
497 2020 601 2057 acta
640 2015 763 2070 apud
802 2015 1025 2056 Valachos
1071 2015 1391 2069 Transalpinos
1440 2014 1707 2070 iampridem
1758 2008 1823 2055 Mti
1873 2015 1963 2056 Vrae

269 2100 347 2140 per
378 2086 552 2128 litteras
584 2100 702 2135 suas,
732 2091 783 2128 ut
817 2086 1080 2134 affirmavit,
1116 2085 1294 2140 copiose
1327 2099 1378 2126 30
1410 2085 1603 2127 fideliter
1634 2085 1865 2140 0)(1110511111
1887 2120 1895 2127 .
1920 2120 1927 2127 .
1952 2119 1959 2127 .

267 2157 498 2198 Venerunt
526 2170 581 2198 ex
608 2157 838 2198 Moldavia
865 2157 956 2198 duo
982 2156 1214 2212 praecipui
1239 2156 1473 2198 waivodae
1499 2156 1752 2205 servitores,
1769 2170 1961 2210 quorum

267 2227 381 2268 alter
405 2232 499 2268 erat
526 2228 797 2269 castellanus
822 2228 877 2269 de
902 2228 1086 2283 Chycho
1114 2228 1196 2281 (est
1221 2228 1331 2269 haec
1356 2227 1498 2268 altera
1521 2241 1544 2268 e
1569 2227 1745 2268 duabus
1769 2226 1960 2276 arcibus,

269 2311 381 2351 quas
431 2298 628 2340 vaivoda
667 2299 906 2340 Moldavus
945 2299 1083 2340 habet
1123 2298 1168 2339 in
1206 2298 1544 2339 Transsilvania
1565 2299 1591 2352 ;)
1633 2297 1865 2339 habebant
1903 2297 1962 2338 ab
1976 2309 2011 2335 25

268 2381 422 2409 eorum
456 2369 641 2411 domino
673 2369 945 2411 mandatum
980 2383 1032 2411 ac
1064 2369 1282 2424 plurimas
1315 2369 1504 2418 litteras,
1539 2368 1704 2423 quibus
1736 2368 1961 2409 adventus

268 2438 384 2480 illius
402 2439 447 2480 in
463 2440 847 2481 Transsilvaniam
866 2440 1237 2482 denuntiabatur.
1249 2439 1499 2481 Mandabat
1517 2439 1725 2481 omnibus
1739 2438 1959 2487 waivoda,

267 2514 318 2550 ut
352 2510 520 2563 Joanni
556 2515 704 2553 essent
740 2511 894 2552 fideles
930 2515 975 2553 et
1012 2511 1199 2560 Turcis;
1238 2511 1315 2565 qui
1351 2510 1474 2551 aliud
1502 2510 1735 2559 sentirent,
1764 2510 1871 2558 fore,
1909 2512 1960 2550 ut

268 2579 396 2620 bonis
420 2581 629 2622 omnibus
652 2586 696 2622 et
721 2582 818 2623 vita
841 2582 1144 2637 privarentur.
1178 2582 1289 2623 Cum
1312 2580 1572 2622 huiusmodi
1594 2581 1770 2622 litterae
1793 2579 1961 2634 passim

268 2663 347 2703 per
377 2651 475 2692 illos
505 2657 838 2705 spargerentur,
872 2653 1067 2694 mittunt
1100 2652 1158 2693 ad
1191 2652 1425 2694 dominum
1460 2651 1671 2693 Alexium
1692 2650 1747 2691 de
1767 2650 1959 2691 Bethlen
1975 2661 2010 2687 30

268 2720 621 2763 vicewaivodam
648 2727 692 2764 et
720 2722 984 2777 Gregorium
1010 2723 1191 2778 Erdely‚
1219 2727 1429 2777 rogantes
1453 2735 1541 2771 005,
1569 2726 1619 2762 111
1646 2720 1704 2761 ad
1729 2719 1959 2774 quoddam

269 2791 486 2844 oppidum
517 2792 750 2834 waivodae
783 2794 988 2835 venirent
1021 2794 1066 2834 in
1089 2793 1393 2847 colloquium;
1426 2792 1644 2833 haberent
1677 2790 1809 2838 enim,
1843 2803 1960 2844 quae

268 2874 371 2900 cum
402 2861 486 2902 illis
516 2866 766 2904 tractarent
798 2864 852 2905 de
883 2864 1016 2905 rebus
1045 2863 1271 2918 gravibus.
1305 2862 1424 2917 Quid
1454 2861 1622 2902 multa?
1659 2860 1956 2909 Conveniunt,

269 2934 313 2970 et
360 2945 462 2972 011111
508 2945 563 2973 ex
610 2933 707 2987 ipso
753 2934 1057 2975 Valachorum
1103 2946 1306 2974 sermone
1353 2931 1680 2985 cognovissent,
1713 2930 1957 2984 pessimum

269 3000 440 3041 domini
483 3002 552 3043 sui
595 3016 699 3057 erga
743 3002 845 3044 Mtem
891 3004 991 3045 Vs³¹¹¹
1038 3004 1256 3052 animum,
1305 3015 1357 3043 eo
1389 3002 1486 3056 ipso
1517 3001 1615 3042 loco
1647 3000 1956 3050 castellanum,
1972 3012 2009 3044 35

406 3152 419 3172 1
442 3153 618 3188 Litterae
639 3165 735 3188 suae
756 3155 920 3190 fuerunt
942 3157 991 3190 de
1016 3167 1072 3190 10.
1095 3155 1217 3201 Junii,
1241 3155 1309 3189 sed
1330 3154 1410 3188 iarn
1431 3164 1510 3187 non
1532 3153 1733 3188 existunt.
