2209 3643
142 205 287 251 Aprilis
310 200 419 255 1468]
920 206 992 241 No.
1022 216 1042 250 5
1812 214 1833 248 5

143 336 335 391 Chwpor
379 335 643 378 waiwodam
690 335 735 377 in
783 335 1033 377 dominium
1068 335 1314 377 earundem
1350 338 1618 389 statuatque
1652 333 1834 376 easdem

143 407 289 449 eidem
324 406 457 449 simul
492 421 595 449 cum
630 407 804 449 cunctis
829 407 921 448 suis
946 407 1223 449 utilitatibus
1258 410 1302 448 et
1329 405 1614 461 pertinentiis
1649 404 1834 460 quibus-

144 478 268 526 libet,
280 478 549 533 praemissae
563 482 745 520 nostrae
759 478 1016 519 donationis
1031 478 1165 520 titulo
1180 482 1398 533 perpetuo
1413 476 1706 532 possidendas
1716 489 1725 526 ;
1746 480 1830 518 etc.

289 549 462 590 Datum
507 549 720 604 Strigonii
782 549 891 590 feria
940 553 1105 604 quarta
1153 549 1360 604 proxima
1408 553 1511 603 post
1561 547 1834 589 dominicam

112 634 126 658 23
143 619 285 661 Oculi.
344 621 476 662 Anno
531 620 714 662 Domini
770 620 1004 661 Millesimo
1059 619 1502 675 quadringentesimo
1558 618 1835 673 sexagesimo

142 695 321 732 octavo.
363 691 505 746 Regni
543 691 686 732 nostri
723 704 842 733 anno
879 691 1130 740 undecimo,
1169 690 1474 732 coronationis
1511 703 1618 731 vero
1655 693 1832 744 quarto.

285 783 634 828 (Transsumptum
672 786 894 817 conventus
932 784 981 817 de
1020 782 1373 819 Kolozsmonostor
1398 781 1493 816 anni
1523 782 1631 826 1583.
1672 781 1835 826 Erdelyi

140 841 323 876 Nemzeti
346 843 542 883 Miizeum,
571 842 803 879 Kolozsvz'm
830 842 1018 879 collectio
1042 841 1198 877 comitis
1220 841 1385 888 Josephi
1410 841 1604 886 Kemeny.
1627 862 1678 866 —
1698 841 1835 875 Editio

140 901 222 936 eius
246 903 294 936 de
315 904 592 948 transsumpto
614 902 709 936 anni
734 902 826 936 1681
853 902 892 935 in
911 912 917 936 1
942 903 1077 937 Codex
1099 901 1381 947 diplomaticus
1403 900 1577 935 familiae
1597 900 1733 934 Teleki
1754 902 1832 936 vol.

86 976 120 1002 10
141 961 194 995 II.
225 972 314 1007 pag.
345 962 523 1005 90-92.)

285 1047 545 1101 Exequutio
567 1048 689 1089 facta
713 1048 799 1090 fuit
822 1048 931 1089 feria
954 1052 1083 1089 sexta
1112 1052 1218 1089 ante
1248 1048 1415 1090 festum
1445 1046 1577 1088 Beati
1606 1045 1832 1088 Ambrosii

140 1118 350 1173 episcopi,
379 1118 502 1159 nullo
530 1119 860 1161 contradictore
889 1123 1147 1174 apparente.

967 1269 1004 1310 5.

568 1380 806 1433 [Pozsony,
852 1379 980 1421 initio
1028 1379 1203 1435 Aprilis
1246 1379 1404 1433 1468]

86 1483 123 1510 15
315 1469 499 1509 Mathias
544 1483 616 1509 rex
663 1470 905 1521 Hungariae
950 1470 1216 1509 senatoribus
1259 1470 1374 1521 regni
1404 1470 1615 1509 Poloniae.

282 1579 338 1621 Se
363 1579 475 1621 iuste
501 1593 599 1620 cum
624 1579 843 1635 Stephano
864 1580 1045 1621 vaivoda
1064 1580 1121 1621 M
1123 1580 1330 1628 oldaviae,
1352 1583 1575 1633 «tyranno»
1594 1580 1832 1629 nominato,

137 1650 269 1705 egisse
302 1650 508 1699 rescribit,
544 1651 593 1692 in
627 1650 898 1701 *infidelitatis
932 1655 1078 1692 notam
1111 1651 1306 1699 venisset,
1342 1664 1518 1705 regnum
1552 1651 1645 1692 eius
1679 1665 1772 1692 vero
1807 1665 1834 1692 a

137 1721 304 1776 regibus
332 1721 588 1777 Hzmgarz'ae
616 1722 864 1777 dependeat,
918 1722 1121 1763 vaivodae
1150 1735 1243 1763 vero
1273 1722 1367 1763 sine
1394 1722 1546 1763 litteris
1575 1721 1833 1772 confirman-

138 1792 251 1834 tibus
276 1807 302 1834 a
326 1792 493 1848 regibus
518 1793 731 1834 emanans
755 1807 928 1847 regnare
951 1807 1039 1834 non
1063 1793 1244 1847 possint.

80 1926 120 1952 20
284 1899 387 1941 Duo
407 1903 528 1949 sunt,
551 1913 667 1954 quae
685 1899 816 1941 nobis
842 1913 921 1954 per
946 1899 1120 1940 litteras
1145 1904 1320 1940 vestras
1341 1899 1580 1954 imputatis
1602 1913 1609 1940 :
1639 1899 1833 1941 invasio-

138 1984 242 2011 nem
273 1969 543 2019 Moldaviae,
576 1974 800 2025 tanquam
831 1970 890 2011 ad
920 1984 1107 2024 regnum
1138 1975 1341 2012 vestrum
1372 1969 1640 2025 pertinentis
1671 1974 1830 2019 terrae,

139 2045 184 2082 et
207 2040 390 2090 damna,
413 2055 588 2083 necnon
610 2041 795 2083 iniurias
818 2041 948 2083 vobis
970 2045 1014 2082 et
1037 2041 1198 2083 vestris
1220 2055 1275 2082 ex
1298 2041 1534 2095 Hungaria
1555 2055 1634 2096 per
1654 2046 1833 2083 nostros

138 2111 290 2153 illatas
310 2125 320 2162 ;
351 2126 403 2153 ac
430 2112 658 2167 requiritis
687 2126 769 2154 nos
798 2112 856 2153 ad
885 2117 1091 2153 veterum
1120 2112 1333 2166 utrinque
1362 2111 1594 2153 foederum
1623 2112 1833 2154 observa-

138 2183 324 2232 tionem,
353 2187 398 2225 et
426 2183 656 2225 communi
684 2183 885 2232 arbitrio,
915 2187 1177 2238 perpetrata
1205 2182 1431 2224 committi
1458 2182 1713 2238 postulatis.

83 2267 121 2294 25
284 2253 501 2303 Primum,
546 2254 670 2309 quod
713 2254 771 2295 ad
813 2253 1090 2295 Moldaviam
1133 2253 1315 2302 attinet,
1359 2267 1441 2295 nos
1483 2253 1667 2308 quidem
1708 2254 1832 2296 nullo

139 2324 226 2366 alio
276 2324 522 2379 instigante
580 2339 680 2367 eam
728 2325 990 2374 invasimuS,
1050 2324 1135 2365 nisi
1179 2324 1410 2379 Stephano
1466 2324 1657 2379 regionis
1715 2325 1833 2367 illius

139 2399 350 2451 tyranno,
376 2395 454 2450 qui
476 2410 580 2438 curn
603 2410 685 2438 sua
707 2396 838 2438 nobis
860 2396 1080 2451 promissa
1102 2395 1286 2436 minime
1310 2395 1584 2445 observaret,
1610 2400 1654 2437 et
1679 2396 1833 2437 exules

139 2471 318 2508 nostros
338 2466 527 2516 foveret,
549 2481 602 2509 ac
621 2481 645 2509 e
664 2481 800 2522 regno
820 2471 975 2508 nostro
996 2466 1138 2507 instar
1156 2466 1405 2507 Tuscorum
1426 2466 1664 2508 continuas
1683 2480 1833 2508 rerum

139 2541 184 2578 et
213 2537 449 2579 hominum
478 2538 668 2593 praedas
698 2538 912 2592 abigeret,
943 2551 1024 2578 nec
1052 2537 1294 2591 requisitus
1322 2537 1565 2579 malefacta
1593 2538 1833 2579 emendare

82 2620 122 2647 30
141 2607 291 2657 vellet,
324 2621 474 2649 nonne
506 2608 639 2663 digne
671 2622 697 2650 a
728 2608 858 2650 nobis
889 2608 1053 2649 meruit
1086 2607 1295 2662 castigari
1319 2607 1363 2649 ?1
1396 2608 1482 2649 Pro
1514 2607 1680 2663 quibus
1712 2613 1832 2650 certe

140 2678 392 2734 cuicunque
410 2678 550 2721 etiam
570 2680 715 2721 alieno
735 2679 904 2721 bellum
936 2678 1130 2720 indicere
1148 2678 1259 2719 satis
1278 2677 1476 2732 legitime
1495 2679 1799 2733 potuissemus
1820 2693 1830 2729 ;

140 2749 219 2791 sed
232 2763 314 2791 nos
328 2763 432 2791 eum
445 2754 653 2792 nostrum
668 2764 763 2792 esse
780 2749 1029 2798 subditum,
1046 2749 1185 2804 ipsius
1202 2749 1478 2790 confessione
1500 2749 1679 2792 scimus.
1698 2750 1832 2805 Quod

139 2820 176 2861 si
196 2824 241 2862 et
255 2820 385 2862 vobis
400 2819 558 2862 eodem
573 2822 755 2863 nomine
771 2821 997 2869 adulatur,
1020 2833 1142 2862 more
1167 2833 1248 2861 suo
1270 2819 1379 2861 facit
1402 2833 1411 2869 ;
1438 2833 1545 2861 nam
1565 2825 1609 2862 et
1630 2821 1832 2862 Tartaris

281 2950 294 2970 1
321 2950 384 2984 Ex
409 2951 485 2985 hac
511 2951 682 2996 epistola
709 2951 921 2986 manifeste
936 2952 1106 2995 apparet
1119 2949 1317 2984 Valachos
1332 2949 1511 2984 devictos
1532 2953 1574 2984 et
1596 2950 1831 2995 subiugatos

84 3021 124 3047 35
140 3007 260 3042 fuisse
300 3011 399 3043 tunc
433 3021 457 3044 a
491 3010 660 3045 Mathia.
702 3010 756 3044 Et
795 3009 888 3044 inde
923 3008 1065 3043 erroris
1103 3011 1328 3052 arguuntur
1363 3008 1503 3043 Poloni
1545 3009 1734 3049 historici,
1761 3009 1831 3055 qui

140 3068 321 3102 scribunt
335 3068 548 3113 Hungaros
562 3069 741 3104 maxima
754 3068 866 3103 clade
881 3067 1049 3102 affectos
1069 3069 1111 3101 et
1132 3067 1318 3112 reliquias
1332 3067 1428 3112 fuga
1441 3068 1482 3102 in
1496 3068 1831 3113 Transylvaniam

141 3125 308 3171 elapsas.
337 3128 421 3161 Nec
444 3128 630 3162 credibile
654 3131 715 3161 est
742 3127 941 3162 Mathiam
967 3129 1054 3161 tam
1092 3126 1370 3171 impudentem
1411 3126 1543 3167 fuisse,
1585 3131 1631 3162 ut
1668 3127 1709 3161 in
1744 3130 1831 3163 tam

1858 1071 1884 1091 1.
1902 1061 1979 1100 Apr.

140 3185 377 3220 manisfesta
390 3188 432 3220 et
445 3189 542 3220 tunc
551 3187 700 3231 ubique
709 3189 807 3221 nota
822 3185 934 3220 clade
949 3185 1116 3229 gloriam
1126 3185 1317 3220 victoriae
1331 3186 1407 3220 sibi
1415 3183 1831 3234 attribueretffizasz.)
1848 3215 1855 3225 .
