2209 3643
210 183 303 227 Jan.
329 175 438 229 1529]
974 178 1048 213 No.
1074 189 1144 224 137
1794 189 1801 194 ·
1835 189 1907 225 177

212 311 414 366 proxime
437 313 657 351 aestatem
682 309 830 350 denuo
854 308 1064 350 invadere
1087 313 1131 350 et
1156 308 1272 350 bello
1295 309 1520 351 lacessere.
1547 309 1606 350 Et
1631 308 1730 350 ideo
1753 322 1905 351 neces-

210 382 320 424 sitas
341 381 473 422 simul
494 385 538 422 et
560 379 695 422 officii
716 380 857 421 nostri
879 379 1084 421 debitum
1105 380 1271 435 exigat,
1289 384 1339 422 ut
1361 394 1442 435 pro
1464 379 1715 422 cohibendo
1730 380 1903 421 Turcae

211 451 544 508 praenominati
586 455 753 493 conatu
793 454 837 492 et
879 451 1095 492 violentia
1136 455 1314 500 cuncta,
1357 465 1472 506 quae
1514 451 1558 493 in
1599 451 1818 493 facultate
1858 455 1904 493 et

210 528 440 579 potestate
462 527 618 564 nostra
641 522 729 563 sita
752 526 857 563 sunt
882 521 940 562 ad
963 522 1118 576 populi
1142 522 1284 563 nostri
1307 522 1611 564 defensionem
1635 526 1679 563 et
1704 535 1905 564 commu-

178 594 279 636 nnis
309 592 655 648 tranquillitatis
685 593 1074 634 conservationem
1106 593 1421 648 impendamus
1451 598 1495 634 et
1527 593 1571 634 in
1602 592 1905 635 resistentiam

210 665 321 707 dicti
359 665 530 706 Turcae
569 668 902 713 convertamus,
942 664 1065 718 quod
1104 664 1199 705 Deo
1237 664 1417 706 volente
1456 664 1514 705 ad
1552 664 1670 705 idern
1709 669 1905 719 tempus,

209 750 300 791 quo
328 749 409 777 nos
437 735 508 776 ille
536 734 718 789 aggredi
746 734 944 776 decrevit
974 735 1045 776 vel
1073 735 1208 776 citius
1236 735 1471 790 aliquanto
1499 749 1589 777 una
1617 749 1720 777 cum
1745 735 1907 777 Sacrae

209 807 452 849 Caesareae
482 810 527 848 et
559 806 816 847 Catholicae
859 800 954 854 M‘ss,
1000 806 1170 848 domini
1211 810 1256 847 et
1287 806 1439 847 fratris
1468 806 1610 847 nostri
1640 805 1904 855 charissimi,

209 878 490 932 aliorumque
519 891 688 931 regum,
731 876 987 932 principum
1029 881 1073 918 et
1109 881 1436 932 potentatuum
1466 877 1643 918 auxiliis
1671 877 1903 926 faciemus,

156 961 192 987 10
208 949 338 1004 eique
358 962 449 990 non
470 948 617 990 solum
639 961 922 989 occurremus
956 961 1149 1002 eumque
1170 948 1214 989 in
1236 961 1317 989 suo
1336 948 1570 1003 proposito
1591 947 1902 1003 impediemus,

208 1034 367 1062 verum
398 1019 537 1061 etiam
569 1018 776 1067 eundem,
810 1019 845 1059 si
876 1018 1087 1073 expedire
1119 1019 1342 1068 videatur,
1376 1018 1670 1060 offendemus.

354 1090 576 1132 Waivoda
610 1094 763 1131 autem
796 1089 1055 1144 praedictus
1087 1103 1133 1131 se
1165 1104 1244 1144 per
1275 1090 1459 1131 nuntios
1491 1094 1535 1131 et
1569 1094 1769 1131 oratores
1801 1102 1906 1131 suos

209 1162 267 1203 ad
289 1175 370 1203 nos
392 1161 565 1210 missos,
589 1165 827 1215 tamquam
850 1161 973 1215 regni
995 1160 1137 1202 nostri
1160 1161 1419 1215 Hungariae
1441 1161 1709 1210 membrum,
1734 1161 1907 1215 aliquo-

209 1233 294 1274 ties
319 1232 549 1281 obtulerit,
576 1231 653 1281 sic,
670 1232 748 1273 ubi
773 1231 883 1286 quid
907 1245 989 1273 sua
1014 1245 1150 1286 opera
1174 1236 1218 1273 et
1235 1231 1494 1273 assistentia
1518 1232 1563 1272 in
1588 1232 1721 1273 rebus
1746 1231 1906 1286 aliqui-

156 1316 191 1342 15
208 1304 293 1345 bus
324 1317 406 1345 nos
436 1308 481 1345 et
513 1303 768 1358 praefatam
801 1316 1011 1344 coronam
1044 1307 1182 1357 atque
1214 1302 1358 1357 ipsam
1390 1302 1770 1344 christianitatem
1801 1316 1905 1344 con-

209 1375 497 1416 cernentibus
528 1374 687 1415 confici
717 1373 874 1428 possit,
906 1387 951 1415 se
982 1378 1247 1428 promptum
1278 1377 1322 1415 et
1354 1373 1540 1415 obvium
1571 1387 1695 1423 esse;
1728 1373 1783 1415 de
1814 1386 1905 1428 quo

210 1460 312 1487 cum
353 1445 662 1487 indubitatam
694 1444 907 1486 fiduciam
946 1458 1154 1498 geramus
1205 1444 1425 1499 nobisque
1463 1444 1654 1486 subinde
1693 1444 1905 1486 votivum

209 1516 452 1558 oblationis
485 1529 592 1557 suae
625 1515 838 1557 effectum
872 1515 1238 1570 persuadeamus,
1273 1515 1470 1556 maxime
1504 1529 1607 1557 cum
1641 1520 1685 1556 et
1720 1515 1822 1564 fide,
1858 1519 1903 1556 et

209 1587 373 1629 unione
401 1591 563 1628 mutua
590 1586 720 1628 nobis
747 1591 791 1628 et
820 1600 956 1641 regno
982 1590 1138 1627 nostro
1165 1586 1372 1641 praefato
1399 1586 1456 1628 sit
1485 1586 1698 1628 astrictus
1726 1590 1771 1628 et
1800 1600 1904 1628 con-

154 1670 192 1696 20
209 1659 402 1700 iunctus.

354 1729 610 1784 Eapropter
646 1728 833 1769 nuntius
870 1732 1022 1769 noster
1058 1728 1316 1770 antedictus
1352 1728 1609 1783 praefatum
1646 1727 1903 1770 waivodam

208 1804 364 1842 nostro
391 1800 572 1841 nomine
600 1800 807 1840 hortetur
833 1804 877 1840 et
906 1799 1119 1853 requirat,
1143 1803 1193 1840 ut
1214 1813 1296 1853 pro
1323 1812 1404 1840 sua
1431 1799 1476 1840 in
1503 1812 1585 1840 nos
1611 1799 1830 1840 fidelitate
1857 1803 1903 1840 et

209 1871 362 1913 studio
394 1884 439 1912 se
471 1871 530 1912 ad
561 1884 640 1912 ver
670 1870 928 1925 proximum
961 1870 1032 1911 vel
1063 1874 1285 1911 aestatem
1317 1869 1420 1911 inde
1451 1874 1730 1924 sequentem,
1764 1883 1904 1924 quam

211 1943 327 1984 forte
359 1943 530 1983 Turcus
562 1955 653 1982 non
686 1941 961 1996 expectabit,
996 1944 1040 1982 et
1073 1954 1155 1982 nos
1187 1940 1335 1982 minus
1367 1945 1606 1995 expectare
1638 1941 1903 1995 poterimus,

153 2025 192 2051 25
210 2013 246 2054 si
267 2013 402 2054 modo
422 2013 531 2068 quid
550 2012 657 2054 boni
676 2017 719 2053 et
741 2011 1008 2066 compendio
1026 2011 1184 2052 maiori
1203 2016 1360 2052 contra
1379 2025 1482 2052 eum
1501 2011 1675 2052 efficere
1694 2011 1900 2061 velimus,

210 2098 256 2126 se
280 2098 383 2126 cum
408 2084 616 2125 omnibus
639 2083 730 2125 suis
755 2082 894 2138 copiis
914 2086 958 2124 et
974 2082 1145 2124 viribus
1168 2096 1436 2137 praeparare
1459 2086 1503 2123 et
1520 2082 1738 2123 instruere
1762 2082 1871 2124 velit
1895 2096 1904 2132 ;

212 2155 339 2205 adeo,
364 2155 487 2209 quod
510 2154 695 2209 quando
717 2168 796 2209 per
818 2167 899 2196 nos
922 2154 1087 2194 iterato
1109 2153 1422 2207 interpellatus
1457 2157 1501 2194 et
1526 2153 1726 2194 monitus
1749 2153 1900 2202 fuerit,

211 2226 447 2267 nobiscum
483 2225 652 2281 pariter
687 2225 912 2279 insurgere
947 2228 992 2265 et
1028 2237 1154 2265 arma
1189 2237 1432 2278 capessere,
1468 2228 1513 2265 et
1549 2223 1594 2265 in
1630 2224 1806 2265 hostem
1842 2224 1904 2265 ire

211 2297 367 2352 possit.

158 2383 196 2409 30
358 2368 567 2422 Quantae
593 2381 700 2409 vero
726 2366 843 2409 vires
869 2370 914 2407 et
942 2365 1096 2420 copiae
1122 2365 1212 2406 sint
1240 2365 1434 2414 futurae,
1463 2365 1627 2419 quibus
1653 2365 1747 2420 ipse
1773 2365 1904 2407 nobis

212 2438 277 2480 sic
303 2438 509 2479 assistere
524 2438 786 2487 decreverit,
802 2437 932 2479 nobis
946 2436 1198 2490 significare
1224 2436 1347 2485 velit,
1377 2449 1489 2490 quas
1515 2435 1593 2476 ubi
1619 2436 1806 2477 nuntius
1832 2436 1905 2477 ille

213 2509 498 2557 intellexerit,
522 2508 652 2550 nobis
675 2522 854 2563 quoque
876 2508 1078 2549 notificet
1101 2511 1146 2548 et
1168 2507 1302 2547 simul
1323 2506 1468 2547 eidem
1489 2506 1723 2547 waivodae
1745 2506 1904 2561 dignas

214 2581 272 2621 ob
309 2580 354 2621 id
381 2584 486 2634 agat
523 2584 567 2621 et
604 2584 760 2621 nostro
795 2580 893 2620 loco
927 2578 1096 2633 gratias
1131 2577 1312 2618 habeat.
1353 2577 1628 2631 Caeteraque
1663 2591 1744 2631 pro
1780 2591 1904 2618 more

214 2650 412 2692 nationis
448 2654 493 2691 et
529 2650 676 2705 gentis
713 2650 829 2691 illius
866 2649 1018 2698 faciat,
1057 2662 1173 2703 quae
1211 2652 1436 2702 oportuna
1472 2652 1516 2689 et
1554 2647 1713 2689 honori
1749 2652 1905 2689 nostro

160 2736 200 2762 35
216 2721 532 2762 convenientia
558 2721 739 2762 fuerint.

361 2791 580 2846 Quamvis
614 2796 767 2833 autem
801 2790 988 2832 nuntius
1021 2794 1174 2830 noster
1205 2789 1451 2843 praemissa
1484 2788 1607 2843 apud
1641 2788 1906 2830 Moldavum

218 2875 347 2916 agere
376 2876 583 2916 eumque,
602 2866 653 2903 ut
671 2875 716 2903 se
734 2861 791 2903 ad
807 2862 975 2903 bellum
992 2860 1249 2915 proximum
1267 2859 1455 2900 adornet
1484 2859 1707 2913 requirere
1724 2859 1903 2908 debeat,

218 2932 507 2974 nihilominus
527 2937 682 2974 tamen
703 2936 805 2987 post
827 2931 1075 2986 adimpleta
1094 2930 1327 2985 praedicta
1347 2930 1498 2971 omnia
1518 2929 1589 2970 vel
1609 2929 1644 2970 si
1664 2929 1907 2984 expediens

219 3007 263 3043 et
299 3016 459 3057 operae
493 3003 689 3058 pretium
723 3016 817 3044 esse
851 3002 1074 3050 videatur,
1111 3005 1357 3055 antequam
1393 3014 1494 3042 cum
1529 2999 1741 3042 Moldavo
1774 3013 1908 3055 super

160 3090 201 3115 40
220 3072 386 3114 eisdem
424 3078 621 3115 tractare
658 3073 859 3128 incipiat,
899 3086 1001 3113 cum
1039 3071 1248 3112 familiari
1285 3071 1437 3125 aliquo
1473 3070 1705 3112 waivodae
1741 3071 1907 3126 potiori

221 3146 264 3183 et
290 3143 463 3192 intimo,
489 3144 614 3185 cuius
638 3157 774 3198 opera
797 3147 841 3184 et
865 3142 1014 3184 medio
1036 3155 1143 3196 prae
1167 3141 1352 3183 caeteris
1376 3141 1546 3196 aliquid
1569 3141 1692 3195 apud
1714 3141 1908 3183 eundem

219 3240 323 3267 Fontes
343 3242 449 3268 Rerum
469 3242 745 3276 Transylvanicarum
766 3242 819 3269 IV.
1726 3240 1765 3265 12
