<?xml version="1.0" encoding="UTF-8"?>
<!DOCTYPE html PUBLIC "-//W3C//DTD XHTML 1.0 Transitional//EN"
    "http://www.w3.org/TR/xhtml1/DTD/xhtml1-transitional.dtd">
<html xmlns="http://www.w3.org/1999/xhtml" xml:lang="en" lang="en">
 <head>
  <title>
</title>
<meta http-equiv="Content-Type" content="text/html;charset=utf-8" />
  <meta name='ocr-system' content='tesseract 3.04.00' />
  <meta name='ocr-capabilities' content='ocr_page ocr_carea ocr_par ocr_line ocrx_word'/>
</head>
<body>
  <div class='ocr_page' id='page_1' title='image "actaetepistolaer01vereuoft_0120.png"; bbox 0 0 2209 3643; ppageno 0'>
   <div class='ocr_carea' id='block_1_1' title="bbox 281 174 1965 230">
    <p class='ocr_par' dir='ltr' id='par_1_1' title="bbox 281 174 1965 230">
     <span class='ocr_line' id='line_1_1' title="bbox 281 174 1965 230; baseline -0.004 -11"><span class='ocrx_word' id='word_1_1' title='bbox 281 196 351 230; x_wconf 87' lang='lat'><em>104</em></span> <span class='ocrx_word' id='word_1_2' title='bbox 1059 180 1134 215; x_wconf 85' lang='grc' dir='ltr'><em>ΝΟ.</em></span> <span class='ocrx_word' id='word_1_3' title='bbox 1158 189 1205 225; x_wconf 85' lang='grc'><em>79</em></span> <span class='ocrx_word' id='word_1_4' title='bbox 1670 174 1718 229; x_wconf 84' lang='lat'><em>[6.</em></span> <span class='ocrx_word' id='word_1_5' title='bbox 1737 179 1848 224; x_wconf 85' lang='lat' dir='ltr'><em>Junii</em></span> <span class='ocrx_word' id='word_1_6' title='bbox 1870 190 1965 225; x_wconf 87' lang='lat'>1512</span> 
     </span>
    </p>
   </div>
   <div class='ocr_carea' id='block_1_2' title="bbox 845 377 1405 539">
    <p class='ocr_par' dir='ltr' id='par_1_2' title="bbox 845 377 1405 539">
     <span class='ocr_line' id='line_1_2' title="bbox 1091 377 1159 418; baseline 0 -1"><span class='ocrx_word' id='word_1_7' title='bbox 1091 377 1159 418; x_wconf 83' lang='lat'><em>79.</em></span> 
     </span>
     <span class='ocr_line' id='line_1_3' title="bbox 845 486 1405 539; baseline 0 -12"><span class='ocrx_word' id='word_1_8' title='bbox 845 487 989 534; x_wconf 74' lang='lat' dir='ltr'><em>Euda,</em></span> <span class='ocrx_word' id='word_1_9' title='bbox 1028 487 1067 528; x_wconf 83' lang='lat'><em>6.</em></span> <span class='ocrx_word' id='word_1_10' title='bbox 1105 486 1243 539; x_wconf 76' lang='lat' dir='ltr'><em>simii</em></span> <span class='ocrx_word' id='word_1_11' title='bbox 1279 497 1405 539; x_wconf 80' lang='lat'><em>1512.</em></span> 
     </span>
    </p>
   </div>
   <div class='ocr_carea' id='block_1_3' title="bbox 278 575 1968 627">
    <p class='ocr_par' dir='ltr' id='par_1_3' title="bbox 278 575 1968 627">
     <span class='ocr_line' id='line_1_4' title="bbox 278 575 1968 627; baseline -0.002 -9"><span class='ocrx_word' id='word_1_12' title='bbox 278 579 531 619; x_wconf 61' lang='lat' dir='ltr'><em>wladislaus</em></span> <span class='ocrx_word' id='word_1_13' title='bbox 558 579 614 616; x_wconf 90' lang='lat' dir='ltr'><em>II.</em></span> <span class='ocrx_word' id='word_1_14' title='bbox 644 590 716 615; x_wconf 84' lang='lat' dir='ltr'><em>rex</em></span> <span class='ocrx_word' id='word_1_15' title='bbox 745 577 988 627; x_wconf 85' lang='lat' dir='ltr'><em>Hungariae</em></span> <span class='ocrx_word' id='word_1_16' title='bbox 1014 576 1243 615; x_wconf 82' lang='lat' dir='ltr'><em>conventui</em></span> <span class='ocrx_word' id='word_1_17' title='bbox 1269 576 1466 615; x_wconf 89' lang='lat' dir='ltr'><em>ecclesiae</em></span> <span class='ocrx_word' id='word_1_18' title='bbox 1492 576 1543 614; x_wconf 90' lang='lat' dir='ltr'><em>de</em></span> <span class='ocrx_word' id='word_1_19' title='bbox 1583 575 1968 614; x_wconf 83' lang='lat' dir='ltr'><em>Kolozsmonostor.</em></span> 
     </span>
    </p>
   </div>
   <div class='ocr_carea' id='block_1_4' title="bbox 277 686 2027 814">
    <p class='ocr_par' dir='ltr' id='par_1_4' title="bbox 277 686 2027 814">
     <span class='ocr_line' id='line_1_5' title="bbox 424 686 1973 741; baseline -0.003 -10"><span class='ocrx_word' id='word_1_20' title='bbox 424 688 485 731; x_wconf 77' lang='lat' dir='ltr'><em>Oh</em></span> <span class='ocrx_word' id='word_1_21' title='bbox 516 688 611 730; x_wconf 74' lang='lat' dir='ltr'><em>lites</em></span> <span class='ocrx_word' id='word_1_22' title='bbox 651 687 858 730; x_wconf 75' lang='lat' dir='ltr'><em>bonorum</em></span> <span class='ocrx_word' id='word_1_23' title='bbox 897 687 1077 741; x_wconf 71' lang='lat' dir='ltr'><em>Bogdom</em></span> <span class='ocrx_word' id='word_1_24' title='bbox 1116 687 1321 729; x_wconf 73' lang='lat' dir='ltr'><em>vaivodae</em></span> <span class='ocrx_word' id='word_1_25' title='bbox 1358 687 1407 728; x_wconf 75' lang='lat' dir='ltr'><em>in</em></span> <span class='ocrx_word' id='word_1_26' title='bbox 1445 686 1754 741; x_wconf 69' lang='lat' dir='ltr'><em>§zentmargita</em></span> <span class='ocrx_word' id='word_1_27' title='bbox 1792 686 1973 728; x_wconf 72' lang='lat' dir='ltr'><em>sitorum</em></span> 
     </span>
     <span class='ocr_line' id='line_1_6' title="bbox 277 757 2027 814; baseline -0.002 -13"><span class='ocrx_word' id='word_1_28' title='bbox 277 760 503 802; x_wconf 68' lang='lat' dir='ltr'><em>relationes</em></span> <span class='ocrx_word' id='word_1_29' title='bbox 528 759 578 801; x_wconf 78' lang='lat' dir='ltr'><em>de</em></span> <span class='ocrx_word' id='word_1_30' title='bbox 603 759 881 814; x_wconf 74' lang='lat' dir='ltr'><em>impositione</em></span> <span class='ocrx_word' id='word_1_31' title='bbox 907 758 1098 799; x_wconf 77' lang='lat' dir='ltr'><em>edandas</em></span> <span class='ocrx_word' id='word_1_32' title='bbox 1124 772 1212 800; x_wconf 78' lang='lat' dir='ltr'><em>esse</em></span> <span class='ocrx_word' id='word_1_33' title='bbox 1237 757 1365 799; x_wconf 77' lang='lat' dir='ltr'><em>iubet.</em></span> <span class='ocrx_word' id='word_1_34' title='bbox 2010 778 2027 804; x_wconf 78' lang='lat'>5</span> 
     </span>
    </p>
   </div>
   <div class='ocr_carea' id='block_1_5' title="bbox 279 875 2037 2987">
    <p class='ocr_par' dir='ltr' id='par_1_5' title="bbox 279 875 2036 2833">
     <span class='ocr_line' id='line_1_7' title="bbox 424 875 1972 932; baseline -0.002 -13"><span class='ocrx_word' id='word_1_35' title='bbox 424 877 698 919; x_wconf 91' lang='lat' dir='ltr'><em>Wladislaus</em></span> <span class='ocrx_word' id='word_1_36' title='bbox 745 877 830 919; x_wconf 89' lang='lat' dir='ltr'><em>Dei</em></span> <span class='ocrx_word' id='word_1_37' title='bbox 875 876 1023 932; x_wconf 82' lang='lat' dir='ltr'><em>gratia</em></span> <span class='ocrx_word' id='word_1_38' title='bbox 1069 890 1147 918; x_wconf 87' lang='lat' dir='ltr'><em>rex</em></span> <span class='ocrx_word' id='word_1_39' title='bbox 1195 875 1456 930; x_wconf 83' lang='lat' dir='ltr'><em>Hungariae</em></span> <span class='ocrx_word' id='word_1_40' title='bbox 1503 879 1548 917; x_wconf 88' lang='lat' dir='ltr'><em>et</em></span> <span class='ocrx_word' id='word_1_41' title='bbox 1596 875 1841 917; x_wconf 81' lang='lat' dir='ltr'><em>Bohemiae</em></span> <span class='ocrx_word' id='word_1_42' title='bbox 1887 878 1972 917; x_wconf 90' lang='lat' dir='ltr'><em>etc.</em></span> 
     </span>
     <span class='ocr_line' id='line_1_8' title="bbox 279 946 1976 1003; baseline -0.002 -13"><span class='ocrx_word' id='word_1_43' title='bbox 279 948 508 990; x_wconf 86' lang='lat' dir='ltr'><em>Fidelibus</em></span> <span class='ocrx_word' id='word_1_44' title='bbox 538 948 727 1003; x_wconf 80' lang='lat' dir='ltr'><em>[nostris]</em></span> <span class='ocrx_word' id='word_1_45' title='bbox 772 947 1017 990; x_wconf 89' lang='lat' dir='ltr'><em>conventui</em></span> <span class='ocrx_word' id='word_1_46' title='bbox 1045 947 1256 989; x_wconf 90' lang='lat' dir='ltr'><em>ecclesiae</em></span> <span class='ocrx_word' id='word_1_47' title='bbox 1284 947 1340 988; x_wconf 91' lang='lat' dir='ltr'><em>de</em></span> <span class='ocrx_word' id='word_1_48' title='bbox 1369 947 1745 988; x_wconf 84' lang='lat' dir='ltr'><em>Colosmonostra.</em></span> <span class='ocrx_word' id='word_1_49' title='bbox 1773 946 1976 988; x_wconf 75' lang='lat' dir='ltr'>Salutem</span> 
     </span>
     <span class='ocr_line' id='line_1_9' title="bbox 279 1017 1977 1074; baseline -0.002 -13"><span class='ocrx_word' id='word_1_50' title='bbox 279 1024 323 1061; x_wconf 89' lang='lat' dir='ltr'><em>et</em></span> <span class='ocrx_word' id='word_1_51' title='bbox 358 1019 565 1073; x_wconf 76' lang='lat' dir='ltr'><em>gratiam.</em></span> <span class='ocrx_word' id='word_1_52' title='bbox 603 1019 863 1074; x_wconf 85' lang='lat' dir='ltr'><em>Exponitur</em></span> <span class='ocrx_word' id='word_1_53' title='bbox 894 1018 1025 1060; x_wconf 92' lang='lat' dir='ltr'><em>nobis</em></span> <span class='ocrx_word' id='word_1_54' title='bbox 1058 1018 1103 1059; x_wconf 86' lang='lat' dir='ltr'><em>in</em></span> <span class='ocrx_word' id='word_1_55' title='bbox 1136 1031 1328 1073; x_wconf 88' lang='lat' dir='ltr'><em>persona</em></span> <span class='ocrx_word' id='word_1_56' title='bbox 1359 1017 1503 1059; x_wconf 87' lang='lat' dir='ltr'><em>fidelis</em></span> <span class='ocrx_word' id='word_1_57' title='bbox 1535 1017 1678 1058; x_wconf 98' lang='lat' dir='ltr'><em>nostri</em></span> <span class='ocrx_word' id='word_1_58' title='bbox 1709 1017 1977 1072; x_wconf 76' lang='lat' dir='ltr'><em>Spectabilis</em></span> 
     </span>
     <span class='ocr_line' id='line_1_10' title="bbox 280 1088 1977 1145; baseline -0.001 -14"><span class='ocrx_word' id='word_1_59' title='bbox 280 1095 324 1132; x_wconf 88' lang='lat' dir='ltr'><em>et</em></span> <span class='ocrx_word' id='word_1_60' title='bbox 352 1090 579 1145; x_wconf 83' lang='lat' dir='ltr'><em>Magnifici</em></span> <span class='ocrx_word' id='word_1_61' title='bbox 606 1090 813 1145; x_wconf 80' lang='lat' dir='ltr'><em>Bogdani</em></span> <span class='ocrx_word' id='word_1_62' title='bbox 840 1090 1064 1132; x_wconf 85' lang='lat' dir='ltr'><em>vaivodae</em></span> <span class='ocrx_word' id='word_1_63' title='bbox 1091 1093 1237 1131; x_wconf 88' lang='lat' dir='ltr'><em>terrae</em></span> <span class='ocrx_word' id='word_1_64' title='bbox 1263 1093 1445 1130; x_wconf 85' lang='lat' dir='ltr'><em>nostrae</em></span> <span class='ocrx_word' id='word_1_65' title='bbox 1472 1088 1805 1137; x_wconf 84' lang='lat' dir='ltr'><em>Moldaviensis,</em></span> <span class='ocrx_word' id='word_1_66' title='bbox 1834 1088 1977 1143; x_wconf 89' lang='lat' dir='ltr'><em>quali-</em></span> 
     </span>
     <span class='ocr_line' id='line_1_11' title="bbox 280 1159 2030 1216; baseline -0.002 -14"><span class='ocrx_word' id='word_1_67' title='bbox 280 1166 349 1203; x_wconf 90' lang='lat' dir='ltr'><em>ter</em></span> <span class='ocrx_word' id='word_1_68' title='bbox 388 1161 518 1202; x_wconf 91' lang='lat' dir='ltr'><em>annis</em></span> <span class='ocrx_word' id='word_1_69' title='bbox 557 1161 862 1216; x_wconf 85' lang='lat' dir='ltr'><em>superioribus</em></span> <span class='ocrx_word' id='word_1_70' title='bbox 900 1165 1145 1216; x_wconf 86' lang='lat' dir='ltr'><em>praetextu</em></span> <span class='ocrx_word' id='word_1_71' title='bbox 1184 1165 1229 1202; x_wconf 92' lang='lat' dir='ltr'><em>et</em></span> <span class='ocrx_word' id='word_1_72' title='bbox 1269 1159 1502 1201; x_wconf 77' lang='lat' dir='ltr'><em>occasione</em></span> <span class='ocrx_word' id='word_1_73' title='bbox 1541 1159 1832 1214; x_wconf 77' lang='lat' dir='ltr'><em>possessionis</em></span> <span class='ocrx_word' id='word_1_74' title='bbox 1871 1172 1978 1200; x_wconf 90' lang='lat' dir='ltr'><em>suae</em></span> <span class='ocrx_word' id='word_1_75' title='bbox 1993 1178 2030 1204; x_wconf 84' lang='lat'><em>10</em></span> 
     </span>
     <span class='ocr_line' id='line_1_12' title="bbox 280 1230 1979 1288; baseline -0.002 -15"><span class='ocrx_word' id='word_1_76' title='bbox 280 1233 640 1288; x_wconf 83' lang='lat' dir='ltr'><em>Zentmargytha</em></span> <span class='ocrx_word' id='word_1_77' title='bbox 665 1236 855 1274; x_wconf 82' lang='lat' dir='ltr'><em>vocatae</em></span> <span class='ocrx_word' id='word_1_78' title='bbox 881 1232 926 1273; x_wconf 90' lang='lat' dir='ltr'><em>in</em></span> <span class='ocrx_word' id='word_1_79' title='bbox 951 1232 1158 1287; x_wconf 85' lang='lat' dir='ltr'><em>partibus</em></span> <span class='ocrx_word' id='word_1_80' title='bbox 1184 1231 1269 1272; x_wconf 91' lang='lat' dir='ltr'><em>illis</em></span> <span class='ocrx_word' id='word_1_81' title='bbox 1293 1230 1769 1272; x_wconf 84' lang='lat' dir='ltr'><em>Transsilvanensibus</em></span> <span class='ocrx_word' id='word_1_82' title='bbox 1793 1230 1979 1271; x_wconf 89' lang='lat' dir='ltr'><em>habitae</em></span> 
     </span>
     <span class='ocr_line' id='line_1_13' title="bbox 281 1301 1980 1358; baseline -0.001 -14"><span class='ocrx_word' id='word_1_83' title='bbox 281 1303 469 1357; x_wconf 89' lang='lat' dir='ltr'><em>quidam</em></span> <span class='ocrx_word' id='word_1_84' title='bbox 515 1303 688 1345; x_wconf 89' lang='lat' dir='ltr'><em>nobiles</em></span> <span class='ocrx_word' id='word_1_85' title='bbox 735 1308 779 1345; x_wconf 91' lang='lat' dir='ltr'><em>et</em></span> <span class='ocrx_word' id='word_1_86' title='bbox 827 1303 1093 1358; x_wconf 90' lang='lat' dir='ltr'><em>praesertim</em></span> <span class='ocrx_word' id='word_1_87' title='bbox 1139 1302 1257 1343; x_wconf 87' lang='lat' dir='ltr'><em>filius</em></span> <span class='ocrx_word' id='word_1_88' title='bbox 1304 1301 1497 1344; x_wconf 90' lang='lat' dir='ltr'><em>condam</em></span> <span class='ocrx_word' id='word_1_89' title='bbox 1544 1301 1775 1342; x_wconf 81' lang='lat' dir='ltr'><em>Michaelis</em></span> <span class='ocrx_word' id='word_1_90' title='bbox 1821 1301 1980 1342; x_wconf 84' lang='lat' dir='ltr'><em>Desew</em></span> 
     </span>
     <span class='ocr_line' id='line_1_14' title="bbox 280 1372 1980 1429; baseline -0.001 -14"><span class='ocrx_word' id='word_1_91' title='bbox 280 1374 540 1429; x_wconf 76' lang='lat' dir='ltr'><em>praefatum</em></span> <span class='ocrx_word' id='word_1_92' title='bbox 581 1374 818 1416; x_wconf 87' lang='lat' dir='ltr'><em>dominum</em></span> <span class='ocrx_word' id='word_1_93' title='bbox 858 1374 1105 1416; x_wconf 83' lang='lat' dir='ltr'><em>vaivodam</em></span> <span class='ocrx_word' id='word_1_94' title='bbox 1146 1372 1429 1414; x_wconf 87' lang='lat' dir='ltr'><em>convenisset</em></span> <span class='ocrx_word' id='word_1_95' title='bbox 1471 1372 1516 1413; x_wconf 93' lang='lat' dir='ltr'><em>in</em></span> <span class='ocrx_word' id='word_1_96' title='bbox 1558 1385 1757 1421; x_wconf 89' lang='lat' dir='ltr'><em>causam,</em></span> <span class='ocrx_word' id='word_1_97' title='bbox 1801 1372 1847 1413; x_wconf 90' lang='lat' dir='ltr'><em>in</em></span> <span class='ocrx_word' id='word_1_98' title='bbox 1888 1385 1980 1426; x_wconf 90' lang='lat' dir='ltr'><em>qua</em></span> 
     </span>
     <span class='ocr_line' id='line_1_15' title="bbox 281 1442 1981 1500; baseline -0.001 -14"><span class='ocrx_word' id='word_1_99' title='bbox 281 1445 465 1499; x_wconf 84' lang='lat' dir='ltr'><em>quidem</em></span> <span class='ocrx_word' id='word_1_100' title='bbox 490 1459 627 1487; x_wconf 88' lang='lat' dir='ltr'><em>causa</em></span> <span class='ocrx_word' id='word_1_101' title='bbox 650 1445 843 1487; x_wconf 89' lang='lat' dir='ltr'><em>eundem</em></span> <span class='ocrx_word' id='word_1_102' title='bbox 868 1449 1172 1500; x_wconf 72' lang='lat' dir='ltr'><em>exponentem</em></span> <span class='ocrx_word' id='word_1_103' title='bbox 1197 1457 1442 1499; x_wconf 81' lang='lat' dir='ltr'><em>aggravare</em></span> <span class='ocrx_word' id='word_1_104' title='bbox 1466 1443 1634 1485; x_wconf 89' lang='lat' dir='ltr'><em>vellent</em></span> <span class='ocrx_word' id='word_1_105' title='bbox 1658 1447 1703 1485; x_wconf 91' lang='lat' dir='ltr'><em>et</em></span> <span class='ocrx_word' id='word_1_106' title='bbox 1727 1442 1981 1484; x_wconf 76' lang='lat' dir='ltr'><em>niterentur</em></span> 
     </span>
     <span class='ocr_line' id='line_1_16' title="bbox 282 1514 2031 1572; baseline 0.001 -15"><span class='ocrx_word' id='word_1_107' title='bbox 282 1516 327 1557; x_wconf 90' lang='lat' dir='ltr'><em>in</em></span> <span class='ocrx_word' id='word_1_108' title='bbox 364 1516 504 1571; x_wconf 88' lang='lat' dir='ltr'><em>ipsius</em></span> <span class='ocrx_word' id='word_1_109' title='bbox 541 1517 810 1572; x_wconf 86' lang='lat' dir='ltr'><em>exponentis</em></span> <span class='ocrx_word' id='word_1_110' title='bbox 846 1515 1173 1571; x_wconf 82' lang='lat' dir='ltr'><em>praeiudicium</em></span> <span class='ocrx_word' id='word_1_111' title='bbox 1210 1519 1254 1556; x_wconf 92' lang='lat' dir='ltr'><em>et</em></span> <span class='ocrx_word' id='word_1_112' title='bbox 1291 1514 1542 1569; x_wconf 90' lang='lat' dir='ltr'><em>dampnum</em></span> <span class='ocrx_word' id='word_1_113' title='bbox 1579 1514 1712 1556; x_wconf 89' lang='lat' dir='ltr'><em>valde</em></span> <span class='ocrx_word' id='word_1_114' title='bbox 1747 1527 1977 1568; x_wconf 85' lang='lat' dir='ltr'><em>magnum.</em></span> <span class='ocrx_word' id='word_1_115' title='bbox 1994 1532 2031 1558; x_wconf 84' lang='lat'><em>15</em></span> 
     </span>
     <span class='ocr_line' id='line_1_17' title="bbox 282 1584 1981 1642; baseline -0.002 -13"><span class='ocrx_word' id='word_1_116' title='bbox 282 1588 342 1628; x_wconf 84' lang='lat' dir='ltr'><em>Et</em></span> <span class='ocrx_word' id='word_1_117' title='bbox 377 1587 485 1642; x_wconf 91' lang='lat' dir='ltr'><em>quia</em></span> <span class='ocrx_word' id='word_1_118' title='bbox 517 1588 721 1629; x_wconf 91' lang='lat' dir='ltr'><em>homines</em></span> <span class='ocrx_word' id='word_1_119' title='bbox 755 1587 865 1629; x_wconf 90' lang='lat' dir='ltr'><em>dicti</em></span> <span class='ocrx_word' id='word_1_120' title='bbox 898 1587 1069 1629; x_wconf 90' lang='lat' dir='ltr'><em>domini</em></span> <span class='ocrx_word' id='word_1_121' title='bbox 1102 1586 1327 1628; x_wconf 84' lang='lat' dir='ltr'><em>vaivodae</em></span> <span class='ocrx_word' id='word_1_122' title='bbox 1360 1586 1405 1626; x_wconf 91' lang='lat' dir='ltr'><em>in</em></span> <span class='ocrx_word' id='word_1_123' title='bbox 1439 1585 1597 1626; x_wconf 89' lang='lat' dir='ltr'><em>castris</em></span> <span class='ocrx_word' id='word_1_124' title='bbox 1630 1585 1721 1626; x_wconf 90' lang='lat' dir='ltr'><em>suis</em></span> <span class='ocrx_word' id='word_1_125' title='bbox 1755 1584 1981 1640; x_wconf 85' lang='lat' dir='ltr'><em>Chychow</em></span> 
     </span>
     <span class='ocr_line' id='line_1_18' title="bbox 282 1655 1981 1714; baseline -0.002 -15"><span class='ocrx_word' id='word_1_126' title='bbox 282 1663 326 1699; x_wconf 90' lang='lat' dir='ltr'><em>et</em></span> <span class='ocrx_word' id='word_1_127' title='bbox 365 1658 599 1714; x_wconf 82' lang='lat' dir='ltr'><em>Kykellew</em></span> <span class='ocrx_word' id='word_1_128' title='bbox 633 1658 808 1701; x_wconf 83' lang='lat' dir='ltr'><em>vocatis</em></span> <span class='ocrx_word' id='word_1_129' title='bbox 844 1658 1096 1706; x_wconf 88' lang='lat' dir='ltr'><em>constituti,</em></span> <span class='ocrx_word' id='word_1_130' title='bbox 1124 1662 1309 1712; x_wconf 89' lang='lat' dir='ltr'><em>propter</em></span> <span class='ocrx_word' id='word_1_131' title='bbox 1339 1670 1493 1698; x_wconf 86' lang='lat' dir='ltr'><em>eorum</em></span> <span class='ocrx_word' id='word_1_132' title='bbox 1528 1655 1815 1710; x_wconf 81' lang='lat' dir='ltr'><em>imperitiam,</em></span> <span class='ocrx_word' id='word_1_133' title='bbox 1853 1655 1981 1710; x_wconf 87' lang='lat' dir='ltr'><em>paria</em></span> 
     </span>
     <span class='ocr_line' id='line_1_19' title="bbox 282 1726 1979 1783; baseline -0.002 -13"><span class='ocrx_word' id='word_1_134' title='bbox 282 1729 538 1771; x_wconf 83' lang='lat' dir='ltr'><em>litterarum</em></span> <span class='ocrx_word' id='word_1_135' title='bbox 564 1730 926 1772; x_wconf 88' lang='lat' dir='ltr'><em>evocatoriarum</em></span> <span class='ocrx_word' id='word_1_136' title='bbox 953 1729 1109 1770; x_wconf 87' lang='lat' dir='ltr'><em>debito</em></span> <span class='ocrx_word' id='word_1_137' title='bbox 1135 1733 1339 1783; x_wconf 89' lang='lat' dir='ltr'><em>tempore</em></span> <span class='ocrx_word' id='word_1_138' title='bbox 1366 1741 1392 1768; x_wconf 91' lang='lat' dir='ltr'><em>a</em></span> <span class='ocrx_word' id='word_1_139' title='bbox 1418 1726 1547 1769; x_wconf 89' lang='lat' dir='ltr'><em>vobis</em></span> <span class='ocrx_word' id='word_1_140' title='bbox 1572 1727 1808 1768; x_wconf 77' lang='lat' dir='ltr'><em>extrahere</em></span> <span class='ocrx_word' id='word_1_141' title='bbox 1834 1726 1979 1781; x_wconf 82' lang='lat' dir='ltr'><em>negle-</em></span> 
     </span>
     <span class='ocr_line' id='line_1_20' title="bbox 284 1797 1979 1856; baseline -0.002 -14"><span class='ocrx_word' id='word_1_142' title='bbox 284 1800 469 1850; x_wconf 81' lang='lat' dir='ltr'><em>xissent,</em></span> <span class='ocrx_word' id='word_1_143' title='bbox 488 1805 741 1856; x_wconf 87' lang='lat' dir='ltr'><em>propterea,</em></span> <span class='ocrx_word' id='word_1_144' title='bbox 761 1800 885 1855; x_wconf 88' lang='lat' dir='ltr'><em>quod</em></span> <span class='ocrx_word' id='word_1_145' title='bbox 902 1800 996 1855; x_wconf 90' lang='lat' dir='ltr'><em>ipse</em></span> <span class='ocrx_word' id='word_1_146' title='bbox 1013 1813 1243 1854; x_wconf 80' lang='lat' dir='ltr'><em>exponens</em></span> <span class='ocrx_word' id='word_1_147' title='bbox 1260 1798 1445 1854; x_wconf 87' lang='lat' dir='ltr'><em>paribus</em></span> <span class='ocrx_word' id='word_1_148' title='bbox 1462 1797 1706 1840; x_wconf 89' lang='lat' dir='ltr'><em>earundem</em></span> <span class='ocrx_word' id='word_1_149' title='bbox 1724 1798 1979 1840; x_wconf 89' lang='lat' dir='ltr'><em>litterarum</em></span> 
     </span>
     <span class='ocr_line' id='line_1_21' title="bbox 284 1868 2031 1926; baseline -0.001 -13"><span class='ocrx_word' id='word_1_150' title='bbox 284 1886 366 1926; x_wconf 87' lang='lat' dir='ltr'><em>pro</em></span> <span class='ocrx_word' id='word_1_151' title='bbox 396 1871 503 1913; x_wconf 88' lang='lat' dir='ltr'><em>iuris</em></span> <span class='ocrx_word' id='word_1_152' title='bbox 533 1872 601 1913; x_wconf 89' lang='lat' dir='ltr'><em>sui</em></span> <span class='ocrx_word' id='word_1_153' title='bbox 632 1872 891 1913; x_wconf 77' lang='lat' dir='ltr'><em>defensione</em></span> <span class='ocrx_word' id='word_1_154' title='bbox 921 1885 1041 1913; x_wconf 92' lang='lat' dir='ltr'><em>nunc</em></span> <span class='ocrx_word' id='word_1_155' title='bbox 1071 1870 1319 1912; x_wconf 89' lang='lat' dir='ltr'><em>admodum</em></span> <span class='ocrx_word' id='word_1_156' title='bbox 1350 1869 1465 1911; x_wconf 79' lang='lat' dir='ltr'><em>foret</em></span> <span class='ocrx_word' id='word_1_157' title='bbox 1495 1868 1783 1918; x_wconf 88' lang='lat' dir='ltr'><em>necessarius,</em></span> <span class='ocrx_word' id='word_1_158' title='bbox 1816 1882 1898 1923; x_wconf 89' lang='lat' dir='ltr'><em>pro</em></span> <span class='ocrx_word' id='word_1_159' title='bbox 1927 1881 1979 1909; x_wconf 93' lang='lat' dir='ltr'><em>eo</em></span> <span class='ocrx_word' id='word_1_160' title='bbox 1995 1886 2031 1912; x_wconf 88' lang='lat'><em>20</em></span> 
     </span>
     <span class='ocr_line' id='line_1_22' title="bbox 285 1939 1977 1988; baseline -0.001 -6"><span class='ocrx_word' id='word_1_161' title='bbox 285 1942 520 1984; x_wconf 83' lang='lat' dir='ltr'><em>Fidelitati</em></span> <span class='ocrx_word' id='word_1_162' title='bbox 558 1943 651 1984; x_wconf 72' lang='lat' dir='ltr'><em>Vrae</em></span> <span class='ocrx_word' id='word_1_163' title='bbox 673 1943 835 1984; x_wconf 85' lang='lat' dir='ltr'><em>harum</em></span> <span class='ocrx_word' id='word_1_164' title='bbox 874 1942 985 1983; x_wconf 91' lang='lat' dir='ltr'><em>serie</em></span> <span class='ocrx_word' id='word_1_165' title='bbox 1024 1941 1213 1983; x_wconf 88' lang='lat' dir='ltr'><em>firmiter</em></span> <span class='ocrx_word' id='word_1_166' title='bbox 1252 1940 1580 1982; x_wconf 86' lang='lat' dir='ltr'><em>committimus</em></span> <span class='ocrx_word' id='word_1_167' title='bbox 1613 1944 1658 1981; x_wconf 89' lang='lat' dir='ltr'><em>et</em></span> <span class='ocrx_word' id='word_1_168' title='bbox 1692 1939 1977 1988; x_wconf 91' lang='lat' dir='ltr'><em>mandamus,</em></span> 
     </span>
     <span class='ocr_line' id='line_1_23' title="bbox 284 2010 1979 2069; baseline -0.002 -14"><span class='ocrx_word' id='word_1_169' title='bbox 284 2019 509 2067; x_wconf 69' lang='lat' dir='ltr'><em>quatenus</em></span> <span class='ocrx_word' id='word_1_170' title='bbox 530 2014 727 2069; x_wconf 89' lang='lat' dir='ltr'><em>acceptis</em></span> <span class='ocrx_word' id='word_1_171' title='bbox 747 2013 1060 2069; x_wconf 87' lang='lat' dir='ltr'><em>praesentibus</em></span> <span class='ocrx_word' id='word_1_172' title='bbox 1079 2017 1124 2053; x_wconf 90' lang='lat' dir='ltr'><em>et</em></span> <span class='ocrx_word' id='word_1_173' title='bbox 1146 2011 1401 2067; x_wconf 90' lang='lat' dir='ltr'><em>praemissis</em></span> <span class='ocrx_word' id='word_1_174' title='bbox 1432 2025 1514 2052; x_wconf 92' lang='lat' dir='ltr'><em>suo</em></span> <span class='ocrx_word' id='word_1_175' title='bbox 1545 2010 1682 2052; x_wconf 89' lang='lat' dir='ltr'><em>modo</em></span> <span class='ocrx_word' id='word_1_176' title='bbox 1702 2023 1747 2052; x_wconf 91' lang='lat' dir='ltr'><em>se</em></span> <span class='ocrx_word' id='word_1_177' title='bbox 1773 2010 1979 2052; x_wconf 90' lang='lat' dir='ltr'><em>habenti-</em></span> 
     </span>
     <span class='ocr_line' id='line_1_24' title="bbox 284 2081 1980 2140; baseline -0.001 -16"><span class='ocrx_word' id='word_1_178' title='bbox 284 2083 368 2125; x_wconf 90' lang='lat' dir='ltr'><em>bus</em></span> <span class='ocrx_word' id='word_1_179' title='bbox 398 2098 532 2140; x_wconf 89' lang='lat' dir='ltr'><em>super</em></span> <span class='ocrx_word' id='word_1_180' title='bbox 563 2085 866 2139; x_wconf 87' lang='lat' dir='ltr'><em>qualicunque</em></span> <span class='ocrx_word' id='word_1_181' title='bbox 891 2083 1156 2126; x_wconf 88' lang='lat' dir='ltr'><em>evocatione</em></span> <span class='ocrx_word' id='word_1_182' title='bbox 1182 2087 1341 2124; x_wconf 89' lang='lat' dir='ltr'><em>contra</em></span> <span class='ocrx_word' id='word_1_183' title='bbox 1366 2082 1514 2137; x_wconf 87' lang='lat' dir='ltr'><em>ipsum</em></span> <span class='ocrx_word' id='word_1_184' title='bbox 1553 2081 1788 2123; x_wconf 89' lang='lat' dir='ltr'><em>dominum</em></span> <span class='ocrx_word' id='word_1_185' title='bbox 1826 2081 1980 2123; x_wconf 89' lang='lat' dir='ltr'><em>vaivo-</em></span> 
     </span>
     <span class='ocr_line' id='line_1_25' title="bbox 285 2152 1980 2210; baseline -0.001 -15"><span class='ocrx_word' id='word_1_186' title='bbox 285 2154 391 2196; x_wconf 89' lang='lat' dir='ltr'><em>dam</em></span> <span class='ocrx_word' id='word_1_187' title='bbox 416 2169 496 2210; x_wconf 88' lang='lat' dir='ltr'><em>per</em></span> <span class='ocrx_word' id='word_1_188' title='bbox 520 2169 601 2198; x_wconf 89' lang='lat' dir='ltr'><em>vos</em></span> <span class='ocrx_word' id='word_1_189' title='bbox 632 2155 691 2197; x_wconf 89' lang='lat' dir='ltr'><em>ad</em></span> <span class='ocrx_word' id='word_1_190' title='bbox 716 2155 983 2197; x_wconf 86' lang='lat' dir='ltr'><em>instantiam</em></span> <span class='ocrx_word' id='word_1_191' title='bbox 1010 2154 1316 2208; x_wconf 91' lang='lat' dir='ltr'><em>cuiuscunque</em></span> <span class='ocrx_word' id='word_1_192' title='bbox 1337 2154 1460 2194; x_wconf 74' lang='lat' dir='ltr'><em>facta</em></span> <span class='ocrx_word' id='word_1_193' title='bbox 1480 2153 1656 2194; x_wconf 87' lang='lat' dir='ltr'><em>litteras</em></span> <span class='ocrx_word' id='word_1_194' title='bbox 1675 2156 1851 2194; x_wconf 88' lang='lat' dir='ltr'><em>vestras</em></span> <span class='ocrx_word' id='word_1_195' title='bbox 1870 2152 1980 2193; x_wconf 88' lang='lat' dir='ltr'><em>rela-</em></span> 
     </span>
     <span class='ocr_line' id='line_1_26' title="bbox 285 2222 2033 2281; baseline 0.001 -15"><span class='ocrx_word' id='word_1_196' title='bbox 285 2226 424 2267; x_wconf 87' lang='lat' dir='ltr'><em>torias</em></span> <span class='ocrx_word' id='word_1_197' title='bbox 451 2227 536 2268; x_wconf 92' lang='lat' dir='ltr'><em>sub</em></span> <span class='ocrx_word' id='word_1_198' title='bbox 563 2227 706 2281; x_wconf 81' lang='lat' dir='ltr'><em>sigillo</em></span> <span class='ocrx_word' id='word_1_199' title='bbox 732 2231 897 2276; x_wconf 83' lang='lat' dir='ltr'><em>vestro,</em></span> <span class='ocrx_word' id='word_1_200' title='bbox 926 2229 1168 2280; x_wconf 88' lang='lat' dir='ltr'><em>praetextu</em></span> <span class='ocrx_word' id='word_1_201' title='bbox 1194 2229 1239 2266; x_wconf 91' lang='lat' dir='ltr'><em>et</em></span> <span class='ocrx_word' id='word_1_202' title='bbox 1266 2224 1499 2266; x_wconf 87' lang='lat' dir='ltr'><em>occasione</em></span> <span class='ocrx_word' id='word_1_203' title='bbox 1520 2223 1668 2265; x_wconf 91' lang='lat' dir='ltr'><em>dictae</em></span> <span class='ocrx_word' id='word_1_204' title='bbox 1688 2222 1981 2278; x_wconf 89' lang='lat' dir='ltr'><em>possessionis</em></span> <span class='ocrx_word' id='word_1_205' title='bbox 1995 2241 2033 2266; x_wconf 80' lang='lat'><em>25</em></span> 
     </span>
     <span class='ocr_line' id='line_1_27' title="bbox 285 2295 1982 2353; baseline -0.001 -16"><span class='ocrx_word' id='word_1_206' title='bbox 285 2297 657 2353; x_wconf 82' lang='lat' dir='ltr'><em>Zentmargytha,</em></span> <span class='ocrx_word' id='word_1_207' title='bbox 674 2298 745 2339; x_wconf 90' lang='lat' dir='ltr'><em>vel</em></span> <span class='ocrx_word' id='word_1_208' title='bbox 761 2297 871 2339; x_wconf 89' lang='lat' dir='ltr'><em>alias</em></span> <span class='ocrx_word' id='word_1_209' title='bbox 885 2296 1106 2352; x_wconf 76' lang='lat' dir='ltr'><em>quassiter]</em></span> <span class='ocrx_word' id='word_1_210' title='bbox 1115 2309 1291 2350; x_wconf 90' lang='lat' dir='ltr'><em>cunque</em></span> <span class='ocrx_word' id='word_1_211' title='bbox 1306 2299 1542 2336; x_wconf 89' lang='lat' dir='ltr'><em>emanatas</em></span> <span class='ocrx_word' id='word_1_212' title='bbox 1551 2299 1595 2336; x_wconf 91' lang='lat' dir='ltr'><em>et</em></span> <span class='ocrx_word' id='word_1_213' title='bbox 1605 2295 1834 2336; x_wconf 82' lang='lat' dir='ltr'><em>confectas</em></span> <span class='ocrx_word' id='word_1_214' title='bbox 1843 2298 1982 2348; x_wconf 86' lang='lat' dir='ltr'><em>atque</em></span> 
     </span>
     <span class='ocr_line' id='line_1_28' title="bbox 286 2365 1982 2424; baseline -0.002 -16"><span class='ocrx_word' id='word_1_215' title='bbox 286 2367 552 2410; x_wconf 87' lang='lat' dir='ltr'><em>extradatas</em></span> <span class='ocrx_word' id='word_1_216' title='bbox 579 2369 624 2410; x_wconf 90' lang='lat' dir='ltr'><em>in</em></span> <span class='ocrx_word' id='word_1_217' title='bbox 651 2370 820 2424; x_wconf 75' lang='lat' dir='ltr'><em>v[estra</em></span> <span class='ocrx_word' id='word_1_218' title='bbox 846 2367 1068 2422; x_wconf 78' lang='lat' dir='ltr'><em>sacr}istia</em></span> <span class='ocrx_word' id='word_1_219' title='bbox 1098 2380 1177 2408; x_wconf 92' lang='lat' dir='ltr'><em>seu</em></span> <span class='ocrx_word' id='word_1_220' title='bbox 1205 2365 1540 2408; x_wconf 87' lang='lat' dir='ltr'><em>conservatorio</em></span> <span class='ocrx_word' id='word_1_221' title='bbox 1566 2365 1777 2407; x_wconf 89' lang='lat' dir='ltr'><em>ecclesiae</em></span> <span class='ocrx_word' id='word_1_222' title='bbox 1804 2369 1982 2407; x_wconf 89' lang='lat' dir='ltr'><em>vestrae</em></span> 
     </span>
     <span class='ocr_line' id='line_1_29' title="bbox 287 2435 1981 2494; baseline -0.001 -16"><span class='ocrx_word' id='word_1_223' title='bbox 287 2438 523 2492; x_wconf 79' lang='lat' dir='ltr'><em>diligenter</em></span> <span class='ocrx_word' id='word_1_224' title='bbox 561 2439 727 2494; x_wconf 85' lang='lat' dir='ltr'><em>requiri</em></span> <span class='ocrx_word' id='word_1_225' title='bbox 767 2444 811 2481; x_wconf 91' lang='lat' dir='ltr'><em>et</em></span> <span class='ocrx_word' id='word_1_226' title='bbox 852 2438 1092 2480; x_wconf 86' lang='lat' dir='ltr'><em>reinveniri</em></span> <span class='ocrx_word' id='word_1_227' title='bbox 1132 2438 1290 2487; x_wconf 81' lang='lat' dir='ltr'><em>facere,</em></span> <span class='ocrx_word' id='word_1_228' title='bbox 1332 2436 1743 2491; x_wconf 89' lang='lat' dir='ltr'><em>requisitarumque</em></span> <span class='ocrx_word' id='word_1_229' title='bbox 1783 2440 1827 2477; x_wconf 91' lang='lat' dir='ltr'><em>et</em></span> <span class='ocrx_word' id='word_1_230' title='bbox 1867 2435 1981 2476; x_wconf 86' lang='lat' dir='ltr'><em>rein-</em></span> 
     </span>
     <span class='ocr_line' id='line_1_30' title="bbox 289 2507 1982 2565; baseline -0.002 -15"><span class='ocrx_word' id='word_1_231' title='bbox 289 2514 531 2550; x_wconf 87' lang='lat' dir='ltr'><em>ventarum</em></span> <span class='ocrx_word' id='word_1_232' title='bbox 562 2510 690 2565; x_wconf 88' lang='lat' dir='ltr'><em>paria</em></span> <span class='ocrx_word' id='word_1_233' title='bbox 726 2515 771 2552; x_wconf 90' lang='lat' dir='ltr'><em>et</em></span> <span class='ocrx_word' id='word_1_234' title='bbox 809 2514 987 2551; x_wconf 89' lang='lat' dir='ltr'><em>tenores</em></span> <span class='ocrx_word' id='word_1_235' title='bbox 1024 2509 1069 2550; x_wconf 90' lang='lat' dir='ltr'><em>in</em></span> <span class='ocrx_word' id='word_1_236' title='bbox 1106 2512 1398 2562; x_wconf 89' lang='lat' dir='ltr'><em>transumpto</em></span> <span class='ocrx_word' id='word_1_237' title='bbox 1432 2507 1690 2549; x_wconf 90' lang='lat' dir='ltr'><em>litterarum</em></span> <span class='ocrx_word' id='word_1_238' title='bbox 1727 2511 1982 2548; x_wconf 88' lang='lat' dir='ltr'><em>vestrarum</em></span> 
     </span>
     <span class='ocr_line' id='line_1_31' title="bbox 288 2576 2036 2635; baseline -0.002 -15"><span class='ocrx_word' id='word_1_239' title='bbox 288 2579 373 2620; x_wconf 89' lang='lat' dir='ltr'><em>sub</em></span> <span class='ocrx_word' id='word_1_240' title='bbox 408 2580 564 2621; x_wconf 92' lang='lat' dir='ltr'><em>eodem</em></span> <span class='ocrx_word' id='word_1_241' title='bbox 599 2581 743 2635; x_wconf 83' lang='lat' dir='ltr'><em>sigillo</em></span> <span class='ocrx_word' id='word_1_242' title='bbox 777 2585 930 2623; x_wconf 85' lang='lat' dir='ltr'><em>vestro</em></span> <span class='ocrx_word' id='word_1_243' title='bbox 964 2580 1087 2621; x_wconf 89' lang='lat' dir='ltr'><em>dicto</em></span> <span class='ocrx_word' id='word_1_244' title='bbox 1122 2578 1367 2633; x_wconf 82' lang='lat' dir='ltr'><em>exponenti</em></span> <span class='ocrx_word' id='word_1_245' title='bbox 1402 2578 1495 2619; x_wconf 91' lang='lat' dir='ltr'><em>iure</em></span> <span class='ocrx_word' id='word_1_246' title='bbox 1531 2578 1648 2619; x_wconf 91' lang='lat' dir='ltr'><em>illius</em></span> <span class='ocrx_word' id='word_1_247' title='bbox 1682 2577 1806 2632; x_wconf 86' lang='lat' dir='ltr'><em>regni</em></span> <span class='ocrx_word' id='word_1_248' title='bbox 1840 2576 1983 2618; x_wconf 88' lang='lat' dir='ltr'><em>nostri</em></span> <span class='ocrx_word' id='word_1_249' title='bbox 2002 2596 2036 2624; x_wconf 77' lang='lat'><em>30</em></span> 
     </span>
     <span class='ocr_line' id='line_1_32' title="bbox 291 2646 1983 2693; baseline -0.002 -3"><span class='ocrx_word' id='word_1_250' title='bbox 291 2650 564 2692; x_wconf 90' lang='lat' dir='ltr'><em>admittente</em></span> <span class='ocrx_word' id='word_1_251' title='bbox 597 2651 798 2693; x_wconf 90' lang='lat' dir='ltr'><em>emanari</em></span> <span class='ocrx_word' id='word_1_252' title='bbox 832 2652 976 2693; x_wconf 78' lang='lat' dir='ltr'><em>facere</em></span> <span class='ocrx_word' id='word_1_253' title='bbox 1010 2655 1055 2692; x_wconf 93' lang='lat' dir='ltr'><em>et</em></span> <span class='ocrx_word' id='word_1_254' title='bbox 1089 2650 1233 2691; x_wconf 91' lang='lat' dir='ltr'><em>eidem</em></span> <span class='ocrx_word' id='word_1_255' title='bbox 1266 2648 1506 2691; x_wconf 91' lang='lat' dir='ltr'><em>extradare</em></span> <span class='ocrx_word' id='word_1_256' title='bbox 1539 2648 1742 2690; x_wconf 90' lang='lat' dir='ltr'><em>debeatis</em></span> <span class='ocrx_word' id='word_1_257' title='bbox 1775 2647 1882 2688; x_wconf 88' lang='lat' dir='ltr'><em>iuris</em></span> <span class='ocrx_word' id='word_1_258' title='bbox 1914 2646 1983 2688; x_wconf 89' lang='lat' dir='ltr'><em>sui</em></span> 
     </span>
     <span class='ocr_line' id='line_1_33' title="bbox 291 2716 1983 2774; baseline -0.002 -13"><span class='ocrx_word' id='word_1_259' title='bbox 291 2720 350 2761; x_wconf 90' lang='lat' dir='ltr'><em>ad</em></span> <span class='ocrx_word' id='word_1_260' title='bbox 383 2721 621 2763; x_wconf 89' lang='lat' dir='ltr'><em>cautelam.</em></span> <span class='ocrx_word' id='word_1_261' title='bbox 654 2722 790 2764; x_wconf 83' lang='lat' dir='ltr'><em>Secus</em></span> <span class='ocrx_word' id='word_1_262' title='bbox 822 2736 913 2764; x_wconf 92' lang='lat' dir='ltr'><em>non</em></span> <span class='ocrx_word' id='word_1_263' title='bbox 946 2721 1124 2763; x_wconf 77' lang='lat' dir='ltr'><em>facturi.</em></span> <span class='ocrx_word' id='word_1_264' title='bbox 1161 2720 1478 2761; x_wconf 89' lang='lat' dir='ltr'><em>Praesentibus</em></span> <span class='ocrx_word' id='word_1_265' title='bbox 1511 2719 1717 2774; x_wconf 90' lang='lat' dir='ltr'><em>perlectis</em></span> <span class='ocrx_word' id='word_1_266' title='bbox 1750 2716 1983 2759; x_wconf 82' lang='lat' dir='ltr'><em>exhibenti</em></span> 
     </span>
     <span class='ocr_line' id='line_1_34' title="bbox 292 2791 531 2833; baseline 0.013 -3"><span class='ocrx_word' id='word_1_267' title='bbox 292 2791 531 2833; x_wconf 85' lang='lat' dir='ltr'><em>restitutis.</em></span> 
     </span>
    </p>

    <p class='ocr_par' dir='ltr' id='par_1_6' title="bbox 293 2857 2037 2987">
     <span class='ocr_line' id='line_1_35' title="bbox 437 2857 1979 2912; baseline -0.003 -10"><span class='ocrx_word' id='word_1_268' title='bbox 437 2861 609 2903; x_wconf 92' lang='lat' dir='ltr'><em>Datum</em></span> <span class='ocrx_word' id='word_1_269' title='bbox 651 2862 823 2912; x_wconf 82' lang='lat' dir='ltr'><em>Eudae,</em></span> <span class='ocrx_word' id='word_1_270' title='bbox 866 2863 911 2903; x_wconf 93' lang='lat' dir='ltr'><em>in</em></span> <span class='ocrx_word' id='word_1_271' title='bbox 953 2862 1069 2904; x_wconf 79' lang='lat' dir='ltr'><em>festo</em></span> <span class='ocrx_word' id='word_1_272' title='bbox 1107 2861 1301 2903; x_wconf 85' lang='lat' dir='ltr'><em>Sanctae</em></span> <span class='ocrx_word' id='word_1_273' title='bbox 1342 2865 1387 2902; x_wconf 92' lang='lat' dir='ltr'><em>et</em></span> <span class='ocrx_word' id='word_1_274' title='bbox 1429 2859 1689 2901; x_wconf 88' lang='lat' dir='ltr'><em>individuae</em></span> <span class='ocrx_word' id='word_1_275' title='bbox 1729 2857 1979 2899; x_wconf 86' lang='lat' dir='ltr'><em>Trinitatis.</em></span> 
     </span>
     <span class='ocr_line' id='line_1_36' title="bbox 293 2930 2037 2987; baseline -0.001 -17"><span class='ocrx_word' id='word_1_276' title='bbox 293 2930 426 2972; x_wconf 89' lang='lat' dir='ltr'><em>Anno</em></span> <span class='ocrx_word' id='word_1_277' title='bbox 462 2932 646 2973; x_wconf 89' lang='lat' dir='ltr'><em>Domini</em></span> <span class='ocrx_word' id='word_1_278' title='bbox 683 2933 919 2974; x_wconf 87' lang='lat' dir='ltr'><em>Millesimo</em></span> <span class='ocrx_word' id='word_1_279' title='bbox 956 2931 1317 2987; x_wconf 80' lang='lat' dir='ltr'><em>quingentesimo</em></span> <span class='ocrx_word' id='word_1_280' title='bbox 1354 2930 1634 2972; x_wconf 90' lang='lat' dir='ltr'><em>duodecimo.</em></span> <span class='ocrx_word' id='word_1_281' title='bbox 2000 2951 2037 2977; x_wconf 82' lang='lat'><em>35</em></span> 
     </span>
    </p>
   </div>
   <div class='ocr_carea' id='block_1_6' title="bbox 534 3045 1726 3092">
    <p class='ocr_par' dir='ltr' id='par_1_7' title="bbox 534 3045 1726 3092">
     <span class='ocr_line' id='line_1_37' title="bbox 534 3045 1726 3092; baseline -0.004 -10"><span class='ocrx_word' id='word_1_282' title='bbox 534 3046 759 3092; x_wconf 85' lang='lat' dir='ltr'><em>(Originale.</em></span> <span class='ocrx_word' id='word_1_283' title='bbox 787 3049 982 3092; x_wconf 77' lang='lat' dir='ltr'><em>Orszagos</em></span> <span class='ocrx_word' id='word_1_284' title='bbox 1009 3048 1206 3088; x_wconf 69' lang='lat' dir='ltr'><em>Leve&#39;ltar,</em></span> <span class='ocrx_word' id='word_1_285' title='bbox 1235 3047 1453 3091; x_wconf 84' lang='lat' dir='ltr'><em>Budapest.</em></span> <span class='ocrx_word' id='word_1_286' title='bbox 1482 3045 1545 3078; x_wconf 91' lang='lat' dir='ltr'><em>Dl.</em></span> <span class='ocrx_word' id='word_1_287' title='bbox 1574 3045 1726 3087; x_wconf 86' lang='lat'>28019.)</span> 
     </span>
    </p>
   </div>
  </div>
 </body>
</html>
