2209 3643
276 228 349 253 212
1035 215 1110 251 No.
1136 226 1202 261 171
1722 212 1847 266 [Junii
1871 228 1972 262 1530

277 354 459 398 tantum,
495 352 547 390 ut
583 347 673 388 iam
708 346 781 388 vel
815 346 864 387 in
898 346 1041 401 primo
1076 346 1265 387 hostium
1300 346 1466 401 impetu
1501 351 1645 388 actum
1678 347 1728 388 de
1761 347 1886 389 nobis
1922 362 1978 390 ac

278 419 526 461 Saxouibus
568 418 798 459 timeamus
817 429 833 463 ‚·
869 416 993 457 aliud
1028 430 1053 458 a
1094 416 1172 458 Vm
1201 410 1288 458 Mle
1321 416 1445 458 nobis
1491 421 1847 472 persuaseramus
1894 422 1976 473 pro

277 494 397 531 tanta
412 489 495 541 fide
512 492 548 530 et
562 487 766 540 fidelitate
781 490 942 536 nostra,
961 487 1190 541 quomodo
1206 487 1424 529 Maiestas
1445 488 1523 530 Vm
1543 488 1667 530 nobis
1690 488 1972 543 responderit,

278 561 398 601 Deus
422 558 554 608 novit,
583 557 654 599 cui
679 561 724 598 et
750 570 832 598 nos
857 570 946 598 rem
970 561 1162 599 nostram
1188 558 1537 600 commendamus
1563 572 1615 600 ac
1641 573 1784 600 eoram
1809 559 1900 600 Deo
1927 563 1972 600 et

277 629 526 672 hominibus
547 627 883 684 providebimus,
907 632 959 669 ut
982 632 1109 669 totus
1131 628 1239 670 sciat
1261 629 1451 670 mundus
1473 643 1552 671 uos
1574 629 1623 671 in
1644 629 1765 672 nullo
1786 629 1973 685 promis·
2010 644 2032 670 r>

277 701 338 742 sis
372 704 409 741 et
440 699 542 750 fidei
574 698 734 741 nostris
768 698 975 740 defuisse.
1010 699 1228 740 Maiestas
1280 699 1360 741 Vm
1396 699 1562 749 omnia,
1603 713 1720 754 quae
1764 700 1972 749 accident,

277 770 361 812 sibi
395 769 486 825 ipsi
520 769 614 811 iure
648 768 804 810 divino
837 773 882 810 et
916 769 1132 818 humano,
1166 769 1278 810 nihil
1311 770 1435 811 nobis
1469 770 1665 826 imputet.
1704 770 1975 812 Audivimus

273 840 455 896 gratiose
479 840 652 881 domiue
676 853 756 895 per
780 839 970 881 iudicem
997 840 1351 882 Brassoviensem
1375 841 1448 883 vel
1473 854 1608 895 quern
1634 841 1773 883 alium
1797 841 1976 893 fratrem

277 915 497 960 nostrum,
514 911 741 952 domiuum
754 911 961 952 Marcum
972 911 1254 966 Pemjflinger
1267 911 1456 953 delatum
1465 911 1615 961 fuisse,
1631 912 1743 967 quod
1756 912 1850 967 ipse
1864 911 1977 964 juis-

277 986 336 1023 set
358 995 491 1023 eausa
526 981 631 1023 moti
654 981 716 1023 vel
738 981 937 1023 movendi
962 982 1058 1023 belli
1082 981 1127 1022 in
1151 995 1233 1023 nos
1257 995 1283 1023 a
1306 982 1361 1023 M
1365 982 1526 1024 oldavo.
1553 982 1870 1038 Supplicamus
1893 983 1949 1024 M
1953 976 1981 1001 ‘²'
1993 996 2033 1022 ιο

282 1053 392 1101 VW',
422 1066 476 1093 ne
504 1052 579 1094 hoc
609 1052 780 1098 eredat:
814 1056 897 1094 etc.

422 1123 492 1164 Ex
521 1123 925 1177 Clausumburgha,
955 1122 1102 1177 prima
1128 1122 1317 1178 Aprilis1
1345 1137 1465 1166 anno
1495 1134 1619 1177 1530.

420 1193 634 1235 Nicotaus
660 1207 686 1235 a
713 1194 893 1243 Gerena,
934 1194 1105 1249 Gaspar
1148 1194 1343 1236 Horvath
1369 1208 1418 1236 ac
1444 1194 1526 1236 alii
1550 1195 1694 1247 fideles
1720 1194 1974 1237 Maiestatis

281 1264 454 1307 Vestrae
474 1264 646 1306 Cibiniz'
669 1264 892 1306 existentes
914 1264 1061 1320 prima
1084 1265 1117 1318 J
1120 1265 1234 1308 unii.

416 1369 642 1414 (Originale.
657 1370 946 1410 StaatsarchiV,
963 1370 1089 1404 Wien.
1107 1371 1350 1415 Hungarica.
1380 1371 1542 1406 Edidit:
1578 1371 1726 1405 Archiv
1753 1372 1821 1406 des
1842 1371 1976 1406 Verei-
1992 1386 2032 1413 15

279 1439 348 1463 nes
376 1429 440 1463 fiir
468 1429 815 1474 siebenbsirgische
844 1429 1139 1464 Landeskunde
1166 1430 1244 1463 vol.
1275 1430 1334 1464 28.
1364 1441 1453 1476 pag.
1483 1431 1713 1476 485—486.)

1081 1605 1180 1647 171.

854 1716 1022 1769 [Initio
1061 1716 1198 1770 Junii
1237 1718 1396 1770 1530]

282 1803 620 1855 Christophorus,
660 1805 837 1844 servitor
875 1805 1039 1857 Georgii
1079 1805 1436 1845 Reichersdorfler
1485 1805 1750 1844 Ferdinando
1801 1806 1833 1845 Ι.
1875 1805 1973 1857 regi.

423 1921 596 1976 Legatio
622 1921 801 1963 Nicolai
831 1922 968 1977 Apafi
995 1927 1031 1964 et
1057 1923 1165 1964 socii
1191 1923 1313 1978 apud
1338 1922 1565 1964 vaivodam
1590 1923 1646 1964 M
1650 1923 1856 1965 oldaviae.
1991 1942 2032 1969 20¹

426 2044 654 2100 Imprimis
684 2045 867 2088 fuerunt
897 2046 1021 2088 missi
1051 2050 1252 2089 oratores
1280 2046 1702 2089 Transsilvanenses
1730 2047 1790 2089 ad
1820 2046 1977 2089 vaivo-

284 2115 390 2156 dam
407 2115 762 2158 Moldaviensem
791 2117 1059 2172 Magnificus
1075 2117 1289 2159 Nicolaus
1305 2117 1455 2173 Apafii
1471 2122 1516 2160 et
1534 2118 1750 2173 Egregius
1766 2117 1979 2160 dominus

283 2185 484 2239 Joannes
514 2187 639 2229 Roth
668 2187 804 2229 iudex
833 2188 950 2231 sedis
980 2188 1181 2230 civitatis
1210 2188 1488 2238 Cibiniensis‚
1511 2189 1589 2243 qui
1618 2202 1720 2230 cum
1750 2189 1977 2244 pervenis-

285 2260 385 2298 sent
411 2257 687 2299 Moldaviam
714 2258 759 2299 in
785 2262 1077 2314 conspectum
1103 2259 1326 2301 vaivodae
1352 2273 1454 2301 cum
1480 2259 1742 2301 muneribus
1766 2259 1976 2302 videlicet

284 2327 461 2369 duobus
475 2328 660 2382 insignis
686 2330 871 2372 crateris
898 2330 1121 2385 argenteis
1136 2330 1379 2380 deauratis,
1408 2335 1453 2372 et
1479 2330 1750 2386 legationem
1778 2330 1886 2386 ipsis
1913 2330 1977 2372 in·
1992 2343 2034 2370 25·

283 2396 484 2440 iunctam
499 2412 580 2440 suo
594 2412 717 2441 more
731 2404 775 2441 et
791 2401 946 2442 ordine
961 2401 1302 2450 recensuissent,
1324 2401 1521 2456 primum
1542 2401 1793 2443 retulerunt
1807 2401 1977 2443 saluta-

283 2467 452 2510 tionem
479 2473 523 2510 et
550 2469 737 2511 servitia
762 2470 962 2526 ipsorum
988 2471 1456 2514 Transsilvanensium
1484 2476 1706 2526 tanquam
1732 2471 1916 2513 domino
1931 2475 1976 2513 et

284 2538 433 2580 vicino
460 2540 739 2590 honorando,
767 2541 845 2596 qui
871 2541 1103 2597 respondit
1131 2543 1189 2584 ad
1215 2543 1325 2584 haec
1352 2543 1520 2584 verba:
1551 2542 1773 2597 «Qualiter
1799 2541 1977 2584 audetis

285 2622 356 2650 me
387 2609 532 2652 dicere
562 2611 762 2652 vicinum
793 2613 1108 2654 honorandum
1133 2613 1149 2655 ?
1185 2613 1346 2654 Nonne
1377 2613 1487 2655 satis
1518 2612 1691 2668 experti
1722 2612 1842 2661 estis,
1876 2611 1977 2666 quis

287 2692 387 2720 sum
411 2680 427 2721 ?
458 2681 553 2735 Ego
578 2695 659 2722 vos
683 2682 793 2723 mihi
818 2683 967 2738 gladio
992 2683 1147 2737 subegi
1170 2697 1178 2733 ;
1205 2684 1427 2738 putabam
1453 2697 1534 2725 vos
1559 2697 1652 2725 esse
1676 2696 1799 2724 meos
1823 2682 1976 2724 subdi·
1993 2696 2037 2722 30

288 2753 358 2790 tos
386 2754 431 2791 et
459 2751 625 2800 fideles,
655 2766 789 2806 quem
817 2758 1051 2809 praeterea
1078 2753 1269 2795 novistis
1298 2754 1532 2795 dominum
1557 2754 1596 2795 ?»
1627 2753 1976 2808 Responderunt

287 2824 486 2862 oratores
507 2834 513 2862 :
557 2823 812 2864 «Neminem
852 2825 1004 2873 aliurn,
1056 2829 1375 2878 praeterquam
1423 2823 1581 2865 Sermum
1631 2823 1878 2878 principem
1930 2828 1975 2866 et

288 2889 535 2940 dominum,
565 2892 799 2934 dominum
828 2894 1179 2943 Ferdinandum,
1203 2894 1463 2948 Hungariae
1490 2898 1534 2935 et
1555 2893 1799 2936 Bohemiae
1827 2908 1975 2949 regem

288 2963 390 3008 etc.,
416 2961 649 3003 dominum
672 2967 879 3005 nostrum
902 2965 1159 3006 naturalem
1182 2969 1227 3006 et
1250 2963 1639 3019 gratiosissimum,
1664 2964 1781 3006 illius
1803 2964 1976 3007 subditi

289 3033 333 3070 et
364 3030 515 3072 fideles
543 3032 721 3082 erimus,
753 3034 894 3076 donec
923 3034 1021 3077 vita
1049 3039 1205 3076 nostra
1233 3038 1459 3089 superstes
1488 3033 1605 3075 erit».
1637 3034 1837 3077 Audiens
1865 3036 1976 3077 haec
1993 3049 2035 3075 35

435 3180 449 3201 ¹
479 3180 631 3216 Datum
661 3186 701 3217 et
728 3183 859 3218 locum
888 3185 1023 3220 fictive
1051 3185 1293 3231 appositum.
