2209 3643
141 211 176 246 5.
213 199 307 246 Jun.
343 195 452 250 1477]
878 238 881 242 ‚
919 200 994 235 No.
1018 201 1064 234 28
1789 209 1833 242 31

142 344 260 387 quae
294 330 389 386 ipse
423 343 576 373 sacrae
627 330 847 387 imprimis
881 330 1006 386 regni
1039 330 1182 373 nostri
1217 329 1479 386 Hungariae
1514 343 1705 372 coronae
1739 333 1841 371 tan-

143 402 338 457 demque
372 401 602 444 Maiestati
636 406 912 444 nostrae...
951 401 1216 458 praesertim
1251 415 1359 444 vero
1394 401 1438 443 in
1474 400 1759 443 conflictibus
1794 404 1839 443 et

143 472 307 529 pugnis
347 472 668 516 acerrimiS...
710 473 917 515 exhibuit
958 477 1004 515 et
1045 472 1267 529 impendit
1289 486 1298 523 ;
1341 473 1459 515 inter
1499 485 1616 528 quae
1656 471 1840 527 quidem

145 543 378 600 praeclara
401 544 614 586 servitia.
638 578 646 586 .
671 579 679 586 .
707 548 758 586 ut
784 544 886 593 alia,
913 557 1030 599 quae
1054 544 1249 600 plurima
1273 548 1395 593 sunt,
1422 543 1704 592 omittamus,
1730 543 1842 585 haec

113 625 130 651 ⁵
147 627 264 671 quae
278 614 521 657 novissime
535 615 706 671 peregit
725 650 733 658 .
753 650 761 658 .
781 650 789 658 .
811 615 1065 670 specialiter
1078 628 1304 657 recensere
1322 650 1329 657 .
1350 650 1357 657 .
1379 649 1386 657 .
1409 614 1595 670 dignum
1613 614 1840 664 duximus,

145 685 269 741 quod
285 686 503 742 superiori
519 686 741 742 siquidem
759 699 879 729 anno
900 720 908 728 .
933 720 940 728 .
964 720 973 729 .
990 687 1239 729 Turcorum
1256 686 1516 742 imperator,
1532 685 1611 741 qui
1639 685 1844 727 christia-

144 770 307 799 norum
345 758 562 813 sanguine
599 757 755 799 satiari
792 757 965 813 nequit,
1003 762 1206 800 nostram
1245 757 1444 799 sentiens
1480 757 1842 812 occupationem,

146 828 316 871 coactis
339 833 384 871 et
409 828 624 871 adunatis
647 828 849 884 undique
872 828 1046 872 viribus
1082 832 1127 871 et
1168 827 1322 884 copiiS‚
1348 827 1551 870 maxima
1574 842 1677 870 cum
1702 841 1843 869 manu

145 913 425 955 regnumque
456 905 501 942 et
533 899 814 956 provinciam
846 903 1050 942 nostram
1081 899 1352 949 Moldaviae‚
1386 913 1489 941 cum
1522 912 1606 955 ope
1637 903 1682 941 et
1715 898 1842 941 adiu-

92 979 128 1006 10
145 970 262 1013 torio
304 971 463 1026 perfidi
504 972 726 1020 Bozorad,
770 971 994 1014 vaivodae
1034 971 1235 1026 partium
1276 969 1677 1025 Transalpinarum
1719 969 1844 1025 regni

145 1041 302 1091 nostri,
327 1042 405 1097 qui
428 1056 455 1084 a
476 1042 716 1084 Maiestate
738 1047 895 1084 nostra
916 1047 962 1085 et
996 1055 1124 1084 sacra
1165 1055 1330 1084 corona
1352 1041 1593 1091 defecerat,
1617 1041 1844 1083 subintra-

145 1113 213 1155 vit
237 1117 282 1154 et
305 1117 453 1155 totam
477 1113 568 1155 fere
590 1127 690 1155 03111
713 1113 993 1168 provinciam
1017 1113 1179 1155 ditioni
1200 1126 1308 1155 suae
1330 1112 1592 1168 subiugavit
1614 1126 1622 1162 ;
1647 1112 1718 1154 cui
1741 1126 1845 1154 cum

146 1188 332 1240 propter
359 1185 590 1240 praefatas
619 1198 748 1226 curas
776 1189 821 1226 et
850 1184 1170 1241 occupationes
1197 1188 1390 1233 nostras,
1420 1183 1573 1225 subito
1601 1183 1845 1238 personali-

146 1260 216 1298 ter
253 1269 484 1298 occurrere
521 1260 567 1297 et
606 1256 820 1298 obvenire
857 1269 948 1297 non
987 1260 1250 1311 poteramus
1287 1254 1540 1297 Maiestatis
1579 1258 1761 1296 nostrae
1799 1254 1845 1296 in

94 1333 130 1359 15
146 1340 353 1382 persona,
393 1327 542 1382 ipsum
581 1326 793 1369 comitem
829 1327 1113 1382 Stephanum
1152 1327 1207 1368 de
1245 1331 1377 1368 coetu
1415 1326 1605 1368 aliorum
1643 1325 1845 1367 fidelium

146 1402 406 1442 nostrorum
428 1397 656 1452 elegimuS,
681 1398 739 1440 ad
760 1397 1021 1440 huiusmodi
1043 1397 1344 1452 expeditionis
1365 1411 1487 1447 usus,
1510 1396 1589 1452 qui
1609 1396 1743 1438 solita
1764 1410 1848 1439 sua

147 1483 256 1512 usus
288 1469 461 1512 virtute
494 1473 539 1510 et
574 1468 811 1518 industria,
847 1483 950 1511 cum
985 1468 1153 1510 auxilio
1186 1473 1231 1511 et
1266 1482 1350 1524 ope
1383 1472 1609 1510 certorum
1643 1468 1845 1510 fidelium

147 1545 407 1584 nostrorum
436 1539 695 1594 praefatum
723 1540 973 1581 Turcorum
1002 1540 1321 1595 imperatorem
1351 1539 1485 1588 fudit,
1515 1542 1560 1581 et
1590 1539 1636 1580 in
1665 1542 1846 1594 turpem

148 1612 303 1666 fugam
332 1610 560 1654 convertit
591 1610 963 1666 provinciamque
1008 1610 1153 1666 ipsam
1182 1610 1370 1652 liberam
1399 1614 1444 1652 et
1473 1609 1604 1652 nobis
1633 1614 1846 1664 pacatam

94 1688 131 1714 20
148 1683 343 1739 reliquit.
373 1682 578 1725 Tandem
606 1696 714 1724 vero
741 1682 899 1737 fugato
927 1686 972 1724 et
1001 1682 1188 1737 expulso
1216 1682 1271 1724 de
1298 1681 1530 1724 Moldavia
1556 1680 1654 1736 ipso
1680 1681 1847 1723 Turco-

147 1768 248 1796 rum
274 1754 561 1809 imperatore,
589 1753 645 1795 de
669 1757 826 1795 nostra
868 1752 1181 1795 commissione
1207 1757 1252 1794 et
1278 1752 1459 1807 speciali
1484 1751 1704 1793 mandato
1730 1765 1776 1793 se
1801 1757 1847 1794 et

147 1829 304 1881 gentes
334 1837 439 1866 suas
469 1824 687 1866 adversus
718 1823 1001 1879 praedictum
1032 1823 1256 1879 perfidum
1286 1823 1494 1865 Bozorad
1524 1822 1770 1864 vaivodam
1802 1828 1847 1865 et

149 1895 430 1952 provinciam
458 1895 806 1951 Transalpinam
835 1895 1060 1937 convertit
1106 1894 1259 1949 ibique
1286 1894 1434 1949 ipsum
1463 1893 1685 1942 Bozorad,
1715 1894 1849 1936 simul

150 1981 254 2010 cum
294 1966 493 2022 reliquiis
532 1967 798 2016 Turcorum,
841 1979 954 2021 quos
994 1966 1242 2021 imperator
1281 1965 1376 2020 ipse
1416 1978 1497 2020 pro
1538 1964 1762 2020 praesidio
1803 1969 1848 2007 et

97 2038 411 2081 251101011510110
442 2036 583 2092 ipsius
615 2037 823 2079 Bozorad
856 2042 901 2079 et
934 2036 1194 2092 provinciae
1226 2036 1344 2078 illius
1375 2035 1700 2090 Transalpinae
1732 2035 1850 2077 1003-

151 2113 296 2159 verat,
329 2108 535 2151 similiter
565 2108 685 2151 fudit
717 2112 762 2150 et
794 2107 1067 2164 profligavit,
1091 2121 1142 2149 ac
1174 2107 1229 2150 de
1260 2106 1357 2162 ipsa
1390 2106 1624 2162 provincia
1655 2106 1852 2161 turpiter

152 2180 383 2235 auffugere
413 2179 560 2234 coegit
592 2183 637 2222 et
668 2180 862 2221 alterum
894 2178 1154 2227 vaivodam,
1203 2191 1338 2233 quem
1369 2191 1452 2219 nos
1482 2176 1771 2231 elegeramus,
1805 2178 1851 2220 in

153 2250 312 2294 eadem
343 2250 578 2306 provincia
607 2250 801 2292 fideliter
832 2249 1026 2304 reliquit.
1060 2249 1276 2291 Volentes
1306 2248 1446 2303 igitur
1475 2247 1574 2290 viro
1604 2251 1676 2289 tot
1708 2248 1852 2291 virtu-

154 2322 278 2365 tibus
305 2326 350 2364 et
378 2321 551 2363 meritis
579 2320 840 2370 clarissimo,
882 2321 937 2363 de
965 2319 1185 2375 nobisque
1213 2323 1258 2361 et
1298 2318 1530 2374 republica
1556 2319 1681 2373 regni
1707 2319 1852 2361 nostri

101 2396 138 2423 3⁰
156 2393 328 2449 optime
354 2392 516 2435 merito
543 2391 699 2447 Regio,
726 2396 778 2434 ut
805 2392 948 2440 decet,
976 2404 1206 2433 occurrere
1231 2404 1335 2432 cum
1360 2390 1516 2432 favore
1541 2393 1586 2431 et
1612 2403 1718 2444 erga
1743 2404 1850 2432 eum

157 2466 360 2507 nostram
416 2463 745 2519 aliquantisper
813 2462 1049 2505 ostendere
1119 2460 1492 2509 munificentiam,
1562 2460 1850 2504 castellum---

157 2538 375 2578 vocatum
414 2534 461 2576 in
500 2533 775 2577 comitatu---
817 2534 1042 2582 habitum,
1071 2532 1205 2574 simul
1241 2545 1343 2574 cum
1388 2531 1556 2587 oppido
1596 2530 1852 2575 similiter---

159 2606 402 2662 appellato,
429 2619 547 2660 quae
572 2605 682 2647 alias
708 2605 940 2660 quondam
965 2603 1193 2658 Magnifici
1216 2603 1435 2658 Mathyus
1460 2603 1516 2644 de
1540 2602 1722 2645 Maroth
1746 2602 1855 2644 bani

158 2675 489 2719 Machoviensis
520 2675 836 2732 praefuissent,
869 2675 948 2717 sed
979 2689 1058 2731 per
1089 2674 1317 2717 defectum
1349 2673 1531 2715 seminis
1562 2673 1763 2716 eiusdem
1795 2673 1854 2715 ad

107 2749 144 2776 3⁵
156 2748 341 2790 Sacram
360 2746 472 2789 dicti
497 2747 623 2802 regni
646 2747 790 2790 nostri
812 2746 1073 2801 Hungariae
1093 2758 1304 2787 coronam
1322 2778 1330 2787 .
1351 2778 1359 2786 .
1379 2779 1387 2786 .
1419 2743 1636 2786 devoluta
1663 2748 1795 2786 sunt.
1816 2778 1824 2785 .
1844 2778 1853 2787 .

160 2821 414 2861 memorato
463 2818 618 2860 comiti
667 2818 902 2873 Stephano
938 2817 994 2859 de
1029 2816 1205 2858 Bathor
1226 2849 1234 2857 .
1258 2849 1298 2857 ..
1337 2815 1393 2857 de
1428 2814 1640 2857 manibus
1687 2814 1855 2856 nostris

163 2889 316 2944 Regiis
352 2888 590 2939 dedimus;
641 2892 727 2931 etc.

307 2960 482 3002 Datum
516 2959 676 3002 Eudae
711 2960 756 3001 in
791 2959 908 3001 festo
940 2956 1241 3000 Sacratissimi
1269 2955 1476 3012 Corporis
1507 2955 1685 2998 Christi.
1721 2956 1856 2997 Anno

164 3029 365 3072 eiusdem
393 3042 519 3085 1477.

110 3136 147 3162 40
309 3124 454 3169 (Pray:
490 3124 776 3159 Commentarii
800 3122 978 3158 historici
1002 3132 1092 3167 pag.
1122 3121 1333 3166 184—185.
1360 3124 1401 3156 et
1425 3121 1513 3166 gros
1536 3120 1672 3156 Teleki
1694 3120 1853 3167 Jozsef:

163 3182 411 3228 Hunyadiak
439 3183 538 3217 kora
565 3182 925 3229 Magyarorszagon
954 3181 1033 3215 vol.
1065 3180 1162 3215 XII.
1193 3191 1283 3226 pag.
1315 3180 1494 3225 22—24.)
