2209 3643
177 215 234 239 10.
265 205 356 250 Jan.
392 197 502 256 1477]
948 202 1023 236 No.
1047 203 1094 236 26
1820 205 1869 237 29

175 335 299 377 tione
328 349 408 390 per
437 334 605 376 incolas
635 333 758 389 regni
789 333 906 374 illius
935 330 1221 387 Transalpini
1251 330 1296 371 in
1326 327 1571 371 vaivodam
1602 341 1705 369 cum
1736 325 1870 368 solita

175 406 464 448 solemnitate
492 410 559 447 est
588 408 874 459 assumptus;
905 408 989 445 etc.

321 477 494 518 Datum
522 476 694 524 Budae,
723 475 762 517 8.
791 474 862 516 die
890 473 1164 516 Decembris,
1194 473 1326 514 Anno
1353 470 1537 513 Domini
1567 468 1690 525 1476.

323 582 549 627 (Originale.
568 581 757 616 Archivio
773 581 814 615 di
827 581 955 620 Stato,
975 580 1158 614 Venezia.
1182 580 1310 613 Busta
1327 588 1386 620 29.
1406 578 1480 612 No.
1503 587 1538 619 9.
1558 576 1698 610 Edidit
1716 586 1723 609 ;
1759 575 1867 609 Mon.

142 642 310 686 5Hung.
344 642 449 676 Hist.
484 642 587 675 Acta
617 643 756 675 extera
786 639 863 674 vol.
898 640 965 674 IV.
998 650 1087 685 pag.
1129 649 1214 683 325.
1258 638 1522 672 Monumenta
1557 635 1754 670 Vaticana
1790 633 1868 668 vol.

176 698 252 735 Iso.
278 712 367 746 pag.
397 710 608 745 123—-124,
634 699 809 734 FraknOi
831 699 854 733 l.
881 710 913 733 c.
939 698 1016 733 vol.
1044 699 1074 732 I.
1100 709 1189 743 pag.
1217 697 1318 742 359.)

985 851 1054 892 26.

670 965 707 1007 V
710 964 867 1012 mazia,
901 976 967 1005 Io.
1000 962 1216 1016 Ianuarii
1248 972 1371 1014 1477.

173 1057 354 1097 Senatus
371 1057 564 1096 Secretus
579 1055 764 1095 Venetus
782 1055 967 1106 Johanni
988 1054 1211 1105 Baptistae
1230 1051 1457 1091 Trevisano
1471 1049 1695 1089 secretario
1710 1047 1872 1086 Veneto

123 1129 159 1156 10
899 1115 943 1152 in
964 1113 1148 1152 Polonia.

324 1228 390 1269 De
411 1241 607 1268 successu
628 1226 772 1267 bellico
793 1225 1005 1280 Stephani
1025 1224 1228 1266 vaivodae
1248 1221 1499 1264 Moldaviae
1519 1224 1665 1262 contra
1688 1220 1867 1260 Turcos.

330 1333 578 1382 Nescimus,
603 1333 712 1387 quid
732 1337 784 1374 tu
812 1332 919 1373 novi
947 1330 1156 1372 habueris
1183 1329 1255 1371 vel
1283 1343 1361 1384 per
1388 1328 1584 1370 reditum
1612 1326 1761 1368 nuntii
1789 1327 1870 1376 tui,

180 1405 252 1447 vel
283 1405 414 1446 aliter
444 1404 499 1445 de
529 1404 834 1459 progressibus
856 1401 1138 1457 imperatoris
1158 1401 1451 1442 Tartarorum
1472 1403 1517 1441 et
1539 1398 1594 1440 de
1614 1411 1695 1439 sua
1726 1397 1873 1452 dispo-

125 1486 162 1512 15
180 1476 343 1518 sitione
365 1489 373 1525 ;
402 1475 481 1516 sed
509 1475 566 1516 ab
595 1475 840 1517 Emanuele
869 1473 1068 1515 Gerardo
1095 1472 1348 1527 nuperrime
1377 1484 1432 1512 ex
1459 1469 1689 1511 Moldavia
1716 1482 1872 1510 sumus

182 1547 292 1589 facti
331 1546 555 1595 certiores,
594 1547 809 1588 Tartaros
847 1545 1050 1602 confiniis
1088 1543 1326 1600 vayvodae
1361 1540 1580 1596 Stephani
1618 1539 1873 1582 adhaesisse

181 1622 417 1673 reputatos
458 1617 631 1659 amicos
671 1622 715 1659 et
757 1620 1019 1671 expectatos
1059 1615 1117 1656 ab
1157 1615 1314 1657 eodem
1351 1612 1597 1667 StephanO,
1639 1611 1755 1652 sicut
1796 1625 1875 1666 per

184 1689 407 1731 inclusum
428 1689 686 1744 exemplum
706 1688 975 1736 litterarum,
998 1700 1109 1741 quas
1130 1686 1248 1728 idem
1268 1684 1481 1739 vayvoda
1501 1682 1559 1724 ad
1579 1682 1874 1724 Emanuelem

185 1760 356 1809 scribit,
391 1760 628 1815 inspicies:
665 1763 709 1800 et
743 1759 873 1800 nobis
906 1758 1044 1799 etiam
1078 1757 1300 1799 incertum
1333 1760 1415 1804 est,
1451 1767 1675 1808 quaenam
1708 1752 1765 1794 sit
1801 1753 1876 1794 illa

125 1841 162 1868 20
182 1845 305 1886 gens,
341 1831 493 1886 magni
526 1831 694 1872 scilicet
729 1829 1027 1885 imperatoris,
1064 1842 1122 1869 an
1156 1841 1271 1882 quae
1306 1826 1421 1868 circa
1455 1825 1628 1867 Caffam
1662 1823 1875 1865 dimorari

183 1903 310 1944 solet.
340 1901 429 1943 Sed
457 1915 768 1956 quaecumque
797 1901 870 1941 illa
898 1900 955 1941 sit
984 1904 1028 1941 et
1058 1898 1481 1953 quomodocumque
1509 1894 1720 1937 succedat
1749 1908 1875 1950 prac-

182 1973 274 2015 tica
301 1977 395 2023 tua,
425 1987 517 2014 non
535 1973 718 2014 Videtur
737 1972 882 2020 nobis,
913 1975 963 2012 ut
985 1969 1230 2012 deserenda
1257 1969 1331 2009 illa
1359 1968 1431 2017 sit,
1461 1967 1539 2008 sed
1567 1966 1876 2008 conservanda

186 2044 338 2099 potius
380 2044 439 2085 ad
480 2043 815 2099 reputationem
858 2043 1033 2090 saltem,
1079 2040 1262 2095 quando
1305 2039 1444 2081 etiam
1486 2038 1673 2080 effectus
1715 2037 1875 2091 aliquis

188 2114 314 2170 sequi
342 2129 433 2156 non
463 2115 675 2156 deberet:
707 2114 785 2156 sed
814 2127 916 2155 cum
946 2112 1068 2154 omni
1098 2110 1373 2153 dexteritate
1402 2114 1447 2151 et
1478 2107 1801 2150 commoditate
1830 2112 1875 2149 et

126 2197 164 2223 25
187 2200 289 2227 cum
307 2185 495 2227 scientia
512 2186 676 2241 Regiae
686 2184 939 2226 Maiestatis
955 2188 1007 2224 tu
1025 2183 1338 2225 actionestuas
1348 2180 1582 2222 moderare
1599 2183 1644 2221 et
1661 2178 1874 2234 guberna,

182 2261 226 2298 et
255 2256 408 2298 omnia
436 2256 614 2312 querito
641 2256 825 2298 studeto
850 2259 895 2297 et
923 2254 1106 2303 efficito,
1128 2266 1244 2308 quae
1265 2256 1396 2307 grata
1423 2249 1688 2293 Celsitudini
1710 2250 1878 2304 Regiae

183 2328 276 2369 fore
298 2327 586 2377 intellexeris,
615 2332 659 2369 et
681 2327 738 2368 ab
759 2326 883 2368 omni
905 2339 985 2367 suo
1007 2337 1283 2378 suorumque
1304 2322 1592 2364 subditorum
1612 2321 1808 2376 periculo
1830 2325 1875 2361 et

184 2398 469 2440 incommodo
496 2398 744 2454 longinqua
771 2402 815 2439 et
845 2397 1004 2445 aliena,
1021 2400 1072 2437 ut
1100 2395 1146 2436 in
1174 2399 1255 2436 tua
1276 2406 1537 2448 expressum
1565 2391 1877 2434 commissione

184 2469 369 2510 veniant
408 2470 549 2511 etiam
589 2469 723 2510 amici
759 2461 881 2510 Sermi
920 2466 1092 2508 domini
1142 2465 1257 2520 regis
1301 2470 1346 2506 et
1387 2463 1591 2506 omnium
1629 2463 1877 2504 amicorum

129 2550 167 2577 30
184 2544 442 2581 nostrorum
463 2554 470 2582 :
496 2541 565 2582 sin
588 2539 770 2582 venturi
792 2553 882 2580 non
907 2542 1011 2579 sunt
1035 2537 1237 2592 practica
1259 2536 1398 2577 etiam
1421 2548 1573 2576 secum
1596 2534 1719 2575 nullo
1742 2532 1877 2574 modo

185 2610 318 2652 rebus
345 2611 511 2666 Regiae
533 2610 838 2653 Sublimitatis
864 2623 1024 2650 nocere
1050 2607 1204 2663 possit.
1233 2606 1301 2648 Tu
1327 2607 1442 2648 hanc
1470 2618 1650 2646 omnem
1674 2608 1879 2645 nostram

185 2681 484 2723 intentionem
536 2686 580 2724 et
631 2686 831 2723 mentem
871 2679 1037 2734 Regiae
1075 2673 1143 2720 Mti
1193 2678 1436 2726 declarato,
1483 2689 1621 2730 quam
1659 2675 1879 2729 intelliges

187 2766 243 2793 ex
272 2752 417 2794 forma
444 2753 633 2794 istorum
661 2752 982 2794 mandatorum
1014 2754 1274 2791 nostrorum
1301 2753 1346 2790 et
1374 2762 1430 2789 ex
1456 2747 1604 2788 forma
1636 2746 1775 2787 etiam
1814 2759 1879 2786 re-

185 2823 479 2877 sponsionum
507 2824 734 2865 factarum
763 2821 1018 2864 Calimacho
1051 2819 1216 2861 oratori
1245 2832 1354 2860 suo:
1387 2822 1432 2860 et
1461 2821 1557 2859 esto
1578 2817 1623 2858 in
1644 2815 1879 2858 scribendo

131 2903 168 2930 35
188 2893 247 2934 ad
268 2907 351 2935 nos
374 2894 755 2948 diligentissimus,
782 2892 997 2947 quoniam
1022 2890 1261 2932 verisimile
1285 2889 1414 2931 nobis
1438 2889 1504 2938 fit,
1530 2892 1582 2929 ut
1607 2887 1666 2928 ad
1689 2887 1880 2928 istorum

187 2964 490 3019 receptionem
525 2965 862 3020 responsionem
899 2963 957 3004 ab
993 2962 1264 3016 imperatore
1299 2960 1595 3001 Tartarorum
1630 2958 1876 3013 receperis:

189 3038 234 3075 et
258 3035 342 3076 tibi
365 3039 476 3076 nota
499 3035 590 3076 iam
614 3049 707 3077 esse
732 3035 910 3082 debeat,
937 3045 1247 3087 quaecumque
1270 3044 1371 3086 spes
1400 3029 1555 3071 haberi
1578 3029 1698 3070 illinc
1722 3029 1878 3083 possit,

188 3109 233 3146 et
266 3105 450 3147 scribito
483 3106 622 3147 etiam
655 3110 700 3147 et
734 3105 975 3152 declarato,
1011 3116 1126 3157 quae
1158 3115 1266 3156 gens
1298 3106 1366 3143 est
1400 3101 1489 3149 illa,
1525 3113 1641 3155 quae
1674 3099 1879 3141 confiniis

189 3176 427 3230 vayvodae
444 3176 664 3231 Stephani
685 3177 807 3217 facta
828 3179 894 3216 est
917 3173 1183 3229 propinqua,
1206 3172 1283 3227 qui
1302 3185 1529 3220 numeruS,
1553 3171 1631 3226 qui
1653 3170 1878 3220 dominus,
