2209 3643
290 206 342 239 26
1067 201 1143 236 No.
1165 211 1211 246 23
1653 196 1727 255 [15.
1753 203 1857 238 Nov.
1890 206 1987 250 1476

295 340 347 378 ut
382 335 610 378 Sanctitas
648 334 758 388 ipsa,
799 346 915 387 quae
952 332 1047 373 sola
1085 345 1165 386 per
1201 331 1525 374 auctoritatem
1564 345 1822 387 supremam
1858 347 1986 375 suam

292 406 544 462 prospicere
568 404 748 458 utrique
771 403 834 444 rei
857 406 1022 457 potest,
1048 402 1121 444 vel
1143 415 1223 457 per
1244 402 1432 452 litteras,
1454 402 1527 444 vel
1546 416 1625 457 per
1643 403 1841 452 nuntios
1866 403 1983 446 sicut

292 475 576 518 Beatitudini
610 475 726 516 Suae
763 473 913 515 visum
950 472 1100 522 fuerit,
1141 472 1385 528 prospiciat
1423 477 1468 515 et
1506 473 1689 523 efficiat,
1728 474 1851 528 quod
1887 478 1985 516 tam

292 546 494 588 indutiae
510 544 768 600 praedictae
784 543 902 585 inter
916 547 1161 598 utrumque
1180 557 1329 598 regem
1356 548 1652 600 prorogentur
1681 545 1982 595 etfirmentur,

295 631 433 672 quam
460 615 768 671 suprascripta
795 614 934 656 etiam
960 614 1041 656 fiat
1069 628 1171 656 cum
1199 614 1469 669 imperatore
1496 614 1762 670 compositio
1790 620 1834 657 et
1862 616 1981 671 paci·
2020 630 2038 657 5

292 687 455 729 ficatio.

436 757 507 798 Ad
544 757 655 798 haec
692 756 827 797 ambo
863 755 1157 810 probaremus
1193 755 1331 797 etiam
1367 756 1724 811 publicationem
1761 757 1983 799 crutiatae

295 828 340 870 in
369 827 577 883 partibus
605 827 690 868 illis
718 827 1025 868 Transilvanis
1052 831 1097 868 et
1126 826 1522 877 Moldaviensibus,
1553 831 1598 869 et
1627 827 1747 877 alibi,
1777 828 1856 869 ubi
1882 841 1982 883 pro-

296 899 420 940 desse
458 899 592 940 rebus
631 897 887 939 christianis
926 901 1093 952 posset.
1135 898 1267 939 Hanc
1306 897 1445 939 etiam
1483 902 1661 953 partem
1701 898 1982 941 Beatitudini

296 969 555 1011 antedictae
586 973 834 1010 memorate
865 972 909 1009 et
940 968 1141 1019 suadete,
1173 973 1398 1023 quantum
1428 969 1646 1024 potestis;
1678 973 1762 1011 etc.
1999 985 2034 1012 ιο

360 1075 582 1121 (Originale.
599 1075 718 1109 Areh.
735 1074 775 1108 di
788 1075 915 1115 Stato,
932 1075 1117 1109 Venezia.
1146 1075 1276 1110 Delib.
1308 1075 1456 1110 Senato
1482 1076 1513 1111 I.
1544 1077 1641 1121 Reg.
1665 1086 1724 1121 27.
1741 1075 1808 1110 fol.
1825 1076 1900 1121 97.)

1100 1226 1172 1267 23.

786 1336 932 1385 Euda,
967 1347 1035 1389 15.
1070 1336 1326 1378 Novembris
1359 1337 1484 1390 1476.

395 1427 578 1466 Mathias
616 1439 689 1466 rex
729 1427 972 1478 Hungariae
1010 1427 1191 1466 Ernesto
1230 1427 1409 1478 principi
1448 1427 1617 1466 electori
1651 1427 1871 1467 Saxoniae.

430 1526 495 1567 De
517 1540 623 1567 novo
648 1526 751 1568 bello
786 1525 834 1567 iu
867 1526 923 1567 M
926 1526 1145 1568 olduvz'czm
1165 1526 1304 1575 ducto,
1327 1540 1377 1567 ex
1396 1540 1481 1582 qua
1509 1526 1690 1568 vaivoda
1732 1527 1979 1577 mutuum,
1997 1539 2031 1565 15

291 1597 501 1646 Busamb,
525 1597 577 1638 ab
600 1597 694 1638 eius
716 1597 855 1652 copiis
878 1597 1035 1652 pulsus
1058 1601 1129 1638 est.
1158 1597 1231 1638 Ad
1252 1597 1363 1638 hauc
1383 1597 1636 1652 dignitatem
1655 1598 1822 1639 Dracul
1843 1598 1981 1639 uomi-

288 1668 421 1717 navit,
441 1682 570 1723 quare
592 1668 789 1710 Busumb
809 1668 1080 1710 exacerbatus
1100 1668 1284 1710 exercitu
1319 1668 1500 1710 Tzwarcico
1516 1682 1566 1710 ex
1582 1669 1793 1724 Bulgurz'u
1808 1670 1982 1711 veniens

288 1739 414 1780 rediit
445 1740 494 1780 z'u
525 1753 703 1794 reguum
737 1753 880 1788 suum,
921 1739 994 1781 sed
1043 1754 1069 1780 a
1117 1739 1330 1781 militibus
1376 1739 1484 1794 regis
1536 1740 1692 1781 iterum·
1744 1740 1982 1782 excluditur

288 1824 412 1864 reguo
433 1824 524 1852 suo.

433 1905 683 1959 Postquam
711 1918 818 1946 vero
845 1904 996 1959 copias
1022 1908 1217 1954 nostras,
1246 1917 1359 1958 quas
1386 1903 1444 1945 ad
1470 1917 1606 1958 regna
1632 1903 1813 1945 maioris
1838 1904 1981 1946 mino-
1995 1916 2032 1943 20

288 1975 436 2029 risque
474 1975 717 2017 Valachiae
755 1975 953 2017 tutanda
991 1974 1398 2024 transmiseramus,
1438 1974 1497 2016 ad
1533 1987 1615 2016 nos
1652 1975 1979 2025 revocavimus,

288 2050 448 2100 pontes
467 2060 601 2101 super
621 2046 833 2088 Danubio
855 2050 899 2087 et
919 2046 1043 2087 Zavo
1057 2045 1319 2087 fluminibus
1334 2045 1617 2087 extruximus
1631 2049 1677 2087 et
1692 2045 1750 2087 ad
1765 2045 1980 2087 invaden-

288 2116 396 2158 dum
419 2116 567 2159 denuo
588 2118 766 2159 hostem
787 2117 1016 2172 ipsiusque
1032 2130 1218 2172 regnum
1233 2130 1313 2158 nos
1329 2116 1590 2171 paravimus
1607 2130 1616 2166 ;
1639 2116 1733 2171 ipse
1764 2117 1976 2172 [Turcus,]

288 2191 339 2228 ut
368 2192 435 2229 est
463 2188 820 2242 potentissimus,
850 2187 1103 2229 mirabilem
1131 2187 1259 2229 brevi
1287 2186 1509 2242 congessit
1538 2187 1801 2236 exercitum,
1832 2192 1980 2229 castra

288 2258 538 2312 metarique
565 2259 712 2314 coepit
740 2263 785 2300 et
813 2272 904 2313 quo
930 2272 1012 2300 nos
1039 2258 1367 2300 diverteremus
1393 2257 1639 2307 intendere,
1669 2272 1862 2313 cumque
1889 2272 1980 2300 cer·
1994 2270 2030 2296 25

288 2333 413 2370 neret
438 2342 483 2370 se
507 2343 586 2384 per
609 2343 705 2379 nOS,
733 2329 1119 2384 quemadmodum
1144 2328 1361 2384 superiori
1387 2342 1520 2378 anno,
1548 2328 1730 2383 fatigari
1754 2333 1799 2370 et
1823 2333 1981 2371 nostra

289 2399 576 2441 cunctatione
625 2400 829 2455 plurimis
865 2400 1044 2442 damnis
1080 2404 1125 2441 et
1161 2399 1437 2454 gravissimis
1473 2399 1680 2455 expensis
1716 2399 1850 2449 affici,
1889 2404 1979 2441 tra-

289 2469 424 2511 dente
454 2470 538 2511 sibi
569 2471 814 2513 transitum
845 2471 1017 2526 perfido
1049 2470 1256 2512 Bozorad
1286 2470 1409 2525 regni
1440 2470 1725 2526 Transalpini
1755 2470 1977 2520 waivoda,

289 2540 563 2582 Moldaviam
589 2541 770 2591 invasit,
797 2542 1068 2591 waivodam,
1096 2541 1174 2596 qui
1198 2541 1331 2582 nimis
1356 2541 1548 2596 propriis
1573 2541 1744 2583 viribus
1770 2541 1976 2590 confisus,

288 2624 379 2652 non
411 2616 652 2666 expectato
685 2613 887 2654 exercitu
918 2617 1088 2662 nostro,
1115 2612 1351 2666 confligere
1383 2611 1543 2661 voluit,
1577 2611 1848 2666 prostravit1
1881 2625 1978 2653 coe·
1993 2624 2030 2650 30

290 2680 446 2735 pitque
470 2682 704 2724 civitatem
728 2687 772 2724 et
797 2688 997 2725 castrum
1022 2683 1216 2725 Nemecz
1241 2682 1473 2724 obsidione
1497 2682 1671 2737 cingere
1694 2695 1746 2724 ac
1768 2682 1978 2723 bombar-

290 2751 357 2792 dis
379 2756 423 2793 et
445 2753 664 2794 machinis
686 2767 961 2809 oppugnare,
986 2758 1145 2796 contra
1167 2767 1301 2809 quem
1324 2753 1438 2795 duos
1459 2753 1752 2808 imperatores
1773 2752 1977 2806 gentium

291 2826 547 2864 nostrarum
571 2837 674 2865 cum
699 2824 875 2866 circiter
896 2825 1133 2880 sexaginta
1167 2824 1348 2866 milibus
1369 2823 1604 2866 hominum
1627 2822 1974 2865 transmisimus.

292 2891 388 2932 Hos
401 2892 479 2933 ubi
494 2893 564 2934 ille
579 2895 868 2949 appropriare
882 2895 1097 2950 percepit,
1119 2895 1351 2937 obsidione
1371 2894 1533 2943 soluta,
1554 2892 1719 2935 relictis
1738 2893 1977 2934 tormentis

292 2965 336 3002 et
359 2963 513 3004 multis
534 2963 882 3018 impedimentis,
907 2970 1088 3021 turpem
1110 2979 1156 3007 se
1179 2964 1403 3007 convertit
1425 2964 1471 3005 in
1493 2963 1662 3018 fugam,
1685 2977 1767 3005 nec
1789 2963 1976 3018 respira-
1991 2975 2028 3002 35

434 3115 449 3136 1
470 3116 719 3151 Relationem
739 3129 896 3163 pugnae
915 3130 1035 3164 penes
1054 3120 1089 3153 V
1091 3120 1178 3154 alea
1197 3116 1299 3153 Albssa
1324 3118 1416 3152 vide
1435 3117 1543 3163 apud
1563 3117 1734 3152 Donado
1754 3117 1805 3151 da
1825 3117 1972 3151 Lezze:

294 3171 472 3207 Historia
490 3174 734 3216 Turchesca1
766 3177 889 3211 editio
908 3178 1139 3223 professoris
1166 3178 1197 3212 Ι.
1220 3178 1336 3212 Ursu.

2201 178 2209 245 -.a-2
