2209 3643
166 225 198 260 7.
236 214 335 260 Aug.
371 207 482 266 1476]
936 214 1011 249 No.
1038 225 1082 257 19
1810 224 1854 248 21

163 344 405 387 Poteriano
442 343 552 386 dicti
588 343 722 385 Turci
759 343 805 385 in
843 343 1050 386 absentia
1086 343 1132 386 di
1169 343 1316 399 questi
1355 343 1523 385 oratori
1560 343 1700 385 haver
1737 343 1859 385 fatto

163 415 365 457 l'assalto
389 415 431 456 ai
455 414 565 457 dicti
589 414 775 464 castelli,
813 428 889 456 ma
912 415 990 469 qui
1014 415 1085 456 del
1109 419 1232 457 certo
1255 428 1346 456 non
1370 428 1416 456 se
1439 428 1495 457 ne
1519 415 1578 456 ha
1601 414 1743 464 altro;
1770 419 1857 457 ete.

310 521 535 566 (Originale.
574 520 764 555 Archivio
800 520 840 555 di
874 522 1002 560 Stato,
1031 521 1192 556 Milano.
1225 521 1390 556 Edidit:
1429 522 1536 556 Mon.
1575 523 1710 566 Hung.
1749 521 1857 556 Hist.

165 581 268 615 Aeta
295 585 433 615 extera
457 580 536 615 vol.
566 580 619 614 II.
647 591 736 626 pag.
766 581 995 625 316—317.)

132 764 150 790 5
975 746 1044 787 19.

677 843 883 897 [Buda,]
918 855 956 897 7.
992 843 1183 898 Augusti
1215 844 1341 897 1476.

163 933 382 973 Ladislaus
409 933 625 972 familiaris
662 933 870 972 vaivodae
909 933 1018 973 Vlad
1044 931 1175 987 ”sepes
1213 934 1265 972 de
1309 933 1495 972 motibus
1534 931 1779 971 Moldavicis
1817 934 1860 970 et

736 992 1291 1044 Transylvanico-Turcicis.

307 1103 483 1145 Nuntia
529 1104 690 1145 bellica.
740 1104 874 1145 Tum·
918 1105 1038 1160 apud
1079 1104 1380 1146 Roma'nvciscir
1422 1107 1561 1145 castra
1605 1107 1858 1157 posuerunt,

109 1200 146 1227 10
162 1175 268 1216 dum
289 1174 538 1230 Stephanus
563 1175 745 1216 vaivoda
766 1175 822 1217 M
824 1175 1019 1217 oldavz'ae
1044 1176 1093 1217 in
1119 1189 1213 1216 arce
1238 1175 1430 1228 Neamtu
1456 1188 1499 1216 se
1524 1173 1725 1226 defendit.
1748 1173 1860 1214 Mox

162 1249 297 1301 prope
326 1245 383 1286 M
386 1250 580 1287 oncastro
612 1250 649 1287 et
678 1245 824 1288 Chilia
855 1246 1015 1288 hostem
1045 1246 1296 1301 aggreditur.
1329 1245 1482 1287 Novus
1512 1244 1693 1286 vaivoda
1729 1244 1860 1286 Vala-

163 1316 296 1365 chiae,
328 1316 541 1358 Dracztlz'a
572 1317 620 1358 in
649 1317 705 1358 M
709 1317 870 1372 edgyes,
907 1318 1028 1372 apud
1054 1317 1324 1373 Stephanum
1362 1316 1553 1370 Bdthory
1590 1319 1792 1357 moratur.

308 1434 429 1476 Laus
457 1435 554 1476 Deo
581 1435 970 1477 MCCCCLXXVI
1000 1435 1073 1477 die
1101 1448 1140 1490 7.
1170 1434 1365 1489 Augusti
1392 1434 1504 1476 hora
1531 1446 1599 1476 22.

310 1504 522 1547 Relation
556 1505 611 1547 de
644 1505 869 1555 Ladislao‚
903 1506 1075 1547 {amilio
1108 1505 1163 1547 de
1195 1505 1394 1547 vaivoda
1426 1504 1653 1554 Draculia‚
1687 1507 1860 1546 venuto

110 1591 144 1617 15
162 1577 247 1618 hac
264 1580 399 1618 nocte
416 1576 677 1631 precedenti
695 1577 750 1618 de
768 1576 1012 1626 Moldavia‚
1032 1576 1197 1618 d'onde
1214 1576 1371 1631 giorno
1391 1588 1444 1617 10
1462 1575 1509 1618 fa
1525 1576 1647 1631 parti
1665 1579 1710 1617 et
1729 1575 1826 1616 dice
1848 1587 1856 1616 :

309 1647 475 1688 Primo.
505 1647 561 1689 El
580 1647 759 1689 Turcho
779 1661 855 1689 era
868 1652 1053 1702 passato
1080 1661 1183 1689 cum
1209 1651 1336 1689 tutto
1361 1646 1524 1688 l'hoste
1550 1660 1632 1688 suo
1657 1659 1791 1701 sopra
1816 1645 1861 1686 la

163 1717 394 1760 Moldavia
419 1717 559 1759 ziorni
584 1730 611 1771 4
637 1718 796 1760 avanti
820 1731 903 1760 sua
928 1717 1110 1773 partida
1135 1722 1180 1759 et
1206 1717 1520 1759 attrovandosi
1547 1717 1620 1758 nel
1645 1716 1778 1770 luogo
1804 1715 1860 1757 de

165 1789 495 1838 Romanvasar,
530 1788 608 1844 qui
641 1793 709 1830 est
743 1789 788 1830 in
821 1789 971 1830 medio
1003 1788 1258 1830 Moldaviae
1290 1802 1430 1843 prope
1461 1787 1653 1830 fluvium
1684 1787 1857 1836 Sereth,

163 1859 281 1901 dove
299 1858 558 1915 propinqua
578 1861 601 1901 e
621 1873 714 1902 una
735 1860 932 1901 fortezza
952 1873 1031 1915 per
1052 1859 1170 1901 circa
1190 1872 1282 1901 uno
1302 1858 1455 1914 miglio
1476 1858 1678 1907 italiano,
1701 1862 1861 1899 contra

112 1930 207 1972 2013
233 1930 341 1985 qual
367 1930 458 1972 fino
504 1930 545 1972 el
581 1930 727 1986 partir
753 1944 834 1972 suo
860 1944 951 1972 non
979 1943 1055 1972 era
1080 1930 1204 1972 facta
1231 1929 1393 1971 alcuna
1418 1929 1590 1971 novita.
1620 1927 1793 1970 Avanti
1819 1928 1859 1969 el

164 2014 245 2043 suo
267 2000 410 2056 partir
430 2000 547 2043 circa
568 2001 659 2043 duo
679 2001 822 2056 giorni
844 2015 918 2043 era
939 2005 1062 2043 stato
1084 2001 1207 2043 facto
1227 2014 1421 2042 scorrere
1441 2000 1485 2041 la
1506 1999 1707 2055 maggior
1728 2004 1858 2055 parte

164 2072 220 2114 de
240 2071 364 2114 dicta
383 2071 618 2127 provincia
631 2086 711 2128 per
730 2072 769 2114 el
788 2073 965 2114 Tureho
981 2077 1026 2114 et
1040 2072 1210 2113 bruxar
1223 2075 1268 2113 et
1283 2071 1436 2112 ruinar
1450 2075 1589 2113 tutto.
1611 2071 1783 2112 Tamen
1802 2071 1859 2111 ne

165 2156 192 2185 a
215 2142 403 2192 homini,
427 2144 483 2185 ne
506 2143 675 2185 facolta
698 2143 754 2185 de
777 2143 913 2198 quelli
935 2143 1114 2184 haveva
1135 2146 1324 2197 possuto
1346 2142 1414 2183 far
1436 2142 1605 2183 damno
1626 2141 1686 2183 da
1708 2145 1858 2190 conto,

164 2214 326 2269 perche
357 2227 403 2255 se
434 2227 570 2256 erano
601 2214 785 2256 redutte
815 2228 917 2256 curn
949 2214 989 2255 10
1018 2227 1207 2269 persone
1238 2227 1261 2254 e
1291 2212 1399 2254 robe
1430 2213 1504 2254 alli
1534 2212 1680 2254 monti
1701 2211 1860 2254 avanti

111 2300 147 2327 25
164 2285 204 2327 el
217 2298 373 2340 passar
387 2285 443 2327 de
457 2285 580 2327 dicto
588 2285 779 2327 Turcho.
793 2284 981 2327 Sentido
994 2298 1073 2339 per
1087 2284 1127 2326 el
1140 2283 1530 2325 vaivodaStefano
1544 2282 1861 2325 attrovandosi

165 2356 239 2397 nel
270 2355 405 2411 luogo
437 2356 697 2411 sopradicto
730 2356 785 2397 de
820 2356 1135 2397 Romanvasar
1167 2368 1270 2396 cum
1304 2353 1421 2395 circa
1452 2367 1641 2409 persone
1673 2353 1786 2395 6000
1820 2353 1860 2395 el

163 2426 358 2469 transito
380 2426 452 2469 del
473 2427 666 2476 Tureho,
682 2426 944 2468 immediate
966 2440 1011 2467 se
1033 2426 1154 2481 parti
1167 2430 1213 2467 et
1227 2425 1456 2466 redussese
1478 2424 1524 2466 in
1546 2438 1638 2466 uno
1659 2424 1859 2474 castello,

165 2497 395 2539 chiamato
414 2497 596 2546 Nemz,1
618 2511 751 2553 sopra
780 2511 872 2539 uno
901 2501 1056 2538 monte
1077 2510 1086 2546 ;
1118 2496 1158 2537 el
1186 2500 1307 2537 resto
1333 2495 1446 2537 delle
1476 2500 1606 2537 zente
1635 2495 1707 2537 del
1737 2495 1860 2537 dicto

164 2568 377 2618 vaivoda,
419 2569 500 2610 che
538 2583 584 2610 se
623 2568 871 2623 divulgava
909 2581 1051 2609 essere
1090 2567 1207 2608 oltra
1244 2579 1436 2621 persona
1475 2566 1632 2608 60.ooo
1671 2579 1747 2608 era
1785 2565 1860 2607 dal

113 2654 150 2680 30
165 2639 283 2680 altra
308 2643 439 2694 parte
459 2639 531 2681 del
550 2639 723 2690 Sereth,
752 2639 798 2680 in
826 2639 962 2680 modo
990 2639 1070 2679 0110
1097 2638 1259 2679 l'hoste
1287 2636 1359 2678 del
1385 2637 1564 2679 Turcho
1591 2640 1636 2678 et
1663 2636 1704 2678 10
1730 2640 1861 2678 zente

165 2709 237 2751 del
257 2709 382 2751 dicto
402 2710 600 2752 vaivoda
620 2723 731 2752 sono
746 2709 888 2751 divise
902 2709 1024 2764 peril
1039 2708 1162 2750 dicto
1177 2708 1316 2749 fiume
1336 2707 1535 2749 distante
1557 2707 1632 2748 dal
1651 2707 1785 2762 luogo
1805 2707 1861 2748 de

165 2781 308 2822 Nemz
328 2780 535 2835 predicto
555 2795 635 2835 per
655 2794 747 2822 una
769 2780 906 2829 dieta,
929 2784 974 2821 et
998 2778 1156 2820 avanti
1177 2779 1291 2820 che’l
1312 2778 1435 2820 dicto
1455 2778 1635 2819 Turcho
1654 2790 1860 2832 passasse

165 2850 304 2892 sendo
323 2851 482 2893 venuti
501 2851 618 2893 circa
635 2850 812 2893 Tartari
836 2863 991 2892 10.ooo
1009 2850 1055 2891 in
1073 2850 1203 2891 favor
1221 2849 1276 2891 de
1294 2849 1456 2903 quello,
1476 2848 1507 2889 11
1525 2848 1574 2890 fu
1592 2848 1635 2889 al
1652 2848 1860 2890 incontro

165 2922 205 2963 le
224 2926 354 2963 zente
368 2922 440 2964 del
454 2922 652 2964 vaivoda
666 2922 783 2963 circa
797 2922 1069 2969 Moncastro,
1090 2924 1136 2961 et
1156 2919 1292 2974 quelli
1306 2933 1449 2974 ruppe
1463 2923 1508 2960 et
1528 2919 1728 2961 liberano
1743 2919 1861 2960 eirca

114 3006 149 3033 35
164 3005 353 3046 persone
372 3002 396 3045 5
417 2992 555 3042 milla,
576 2993 657 3034 0110
676 2993 915 3034 havevano
929 3004 1059 3046 preso
1078 2990 1123 3032 di
1143 2989 1314 3032 subditi
1333 2989 1443 3031 suoi.
1466 2989 1669 3031 Essendo
1688 2994 1861 3031 venuta

166 3066 295 3116 parte
316 3062 601 3104 dell’armata
621 3062 875 3104 marittima
889 3062 960 3103 del
974 3062 1153 3102 Turcho
1167 3074 1246 3115 per
1260 3061 1450 3102 fermare
1470 3073 1562 3101 uno
1581 3064 1722 3115 ponte
1736 3064 1860 3102 sotto

310 3184 324 3210 ¹
354 3191 520 3226 Ceta‘cea
547 3190 789 3238 Neamtului.
