2209 3643
304 231 375 266 242
1060 216 1136 249 No.
1158 223 1229 257 203
1677 209 1749 263 [16.
1772 213 1866 248 Dec.
1891 223 1987 258 1534

303 356 348 393 et
368 364 508 405 quum
523 349 735 390 Maiestas
750 347 821 387 Vra
835 346 880 386 in
894 344 1277 386 Transsilvaniam
1295 348 1451 399 gentes
1469 344 1564 386 sive
1589 345 1838 386 exercitum
1856 358 1988 386 suum

303 421 487 469 miserit,
513 419 607 474 ipse
632 431 811 472 quoque
832 415 1071 457 Moldavus
1095 419 1240 456 certas
1255 415 1371 456 vires
1385 428 1489 456 suas
1503 415 1588 456 illis
1603 415 1773 470 iungat.
1791 415 1873 457 Vel
1887 415 1924 457 si
1943 415 1989 457 id

302 492 454 546 aliquo
472 488 607 530 modo
625 487 719 529 fieri
737 501 828 528 non
846 490 1012 541 posset,
1035 485 1196 527 saltem
1228 486 1386 527 mittat
1401 485 1575 540 aliquas
1589 490 1745 540 gentes
1764 486 1989 528 Cibinium

303 567 348 604 et
385 561 443 602 ad
477 560 574 601 loca
622 558 696 599 illa
735 556 1175 605 circumadiacentia,
1225 571 1341 611 quae
1389 570 1491 597 curn
1538 556 1748 611 gentibus
1784 549 1865 598 Mtis
1898 557 1989 598 Vsae

303 629 483 674 Cibinii2
521 628 820 671 existentibus
860 632 1069 669 mutuam
1110 627 1454 682 intelligentiam
1488 627 1687 668 habeant
1716 631 1760 668 et
1789 627 1986 677 obstent,
2024 639 2041 664 5

301 717 355 744 ne
400 714 586 756 regnum
631 698 992 740 Transsilvaniae
1046 702 1204 740 contra
1249 698 1496 740 exercitum
1529 690 1610 739 Mtis
1642 698 1732 739 Vrae
1764 698 1990 752 insurgere

300 772 454 828 possit.
483 770 614 825 Quod
638 770 767 811 facile
792 770 917 811 factu
942 769 1039 817 erit,
1066 768 1103 810 si
1126 769 1364 810 Moldavus
1388 768 1607 818 voluerit;
1633 773 1717 810 etc.

444 842 531 884 Nb.
549 840 782 882 Vaivodae
796 839 1175 895 Transalpinensi‚
1200 840 1271 881 hic
1294 839 1520 888 existenti,
1545 839 1757 894 dignetur
1778 839 1990 881 Maiestas

299 914 372 955 Vra
400 917 573 954 vestem
604 911 816 953 sericeam
859 915 903 952 et
934 923 1153 965 expensas
1190 924 1362 965 proque
1409 910 1702 952 servitoribus
1732 910 1823 952 suis
1852 924 1991 952 unam

299 984 473 1039 peciam
496 996 674 1038 pannae
696 982 895 1037 gratiosa
917 981 1028 1029 dari,
1053 981 1201 1022 denuo
1225 981 1408 1022 domino
1431 980 1669 1023 Coczianer
1691 981 1989 1030 committere,
2007 993 2041 1018 10

300 1060 351 1097 ut
381 1054 439 1096 ad
467 1067 605 1107 equos
633 1057 736 1095 octo
764 1052 1041 1107 stipendium
1070 1052 1250 1093 habeat.

444 1147 669 1192 (Originale.
696 1146 985 1185 Staatsarchiv,
1014 1147 1139 1180 VVien.
1170 1145 1399 1190 Hungarica
1426 1145 1519 1180 fasc.
1544 1157 1602 1192 25.
1632 1148 1705 1180 No.
1727 1149 1808 1190 163.
1826 1146 1987 1181 Edidit:

300 1208 447 1242 Archiv
473 1208 541 1242 des
568 1207 755 1242 Vereines
784 1206 848 1240 fiir
873 1206 1218 1249 siebenbiirgische
1247 1205 1539 1240 Landeskunde
1567 1206 1646 1240 vol.
1675 1216 1734 1248 29.
1765 1215 1855 1251 pag.
1886 1206 1988 1250 535.)

1103 1345 1199 1386 203.

783 1444 967 1492 Radno't,
1002 1444 1069 1485 16.
1105 1443 1349 1484 Decembris
1381 1454 1505 1496 1534.
2010 1453 2042 1479 15

300 1534 567 1585 Tranquillus
581 1534 845 1573 Andronicus
860 1532 1061 1572 Dalmata
1075 1533 1360 1583 Traguriensis
1371 1533 1526 1584 Joanni
1541 1534 1783 1572 Tarnowski
1797 1546 1992 1586 supremo

731 1593 953 1645 capitaneo
980 1593 1187 1632 exercitus
1215 1593 1329 1644 regni
1358 1593 1565 1632 Poloniae.

444 1693 681 1747 Scriptoris
705 1693 755 1734 in
782 1693 926 1734 Trans
929 1692 1152 1745 ylvaniam
1166 1692 1386 1734 adventus.
1413 1693 1602 1735 Disserit
1624 1693 1675 1734 de
1699 1697 1793 1735 ortu
1818 1697 1855 1734 et
1878 1697 1992 1734 statu

306 1764 606 1806 Valachorum.
631 1763 876 1818 Descriptio
891 1764 947 1805 M
950 1763 1144 1805 oldaviae
1166 1767 1203 1805 et
1221 1763 1467 1805 Valachiae.
1490 1763 1524 1805 C
1528 1764 1779 1806 ommoratio
1801 1763 1993 1805 Emerici

299 1834 333 1876 C
336 1835 458 1876 zibak
473 1834 667 1890 episcopi
680 1834 996 1876 Varadinensis
1011 1834 1185 1889 eiusque
1194 1834 1405 1876 interitus.
1417 1834 1662 1876 Ludovicus
1671 1835 1800 1877 Gritti
1807 1834 1921 1877 inM
1923 1835 1992 1876 ed·
2006 1855 2044 1880 20

297 1919 394 1960 gyes
403 1905 576 1960 eiusque
584 1919 697 1947 mors
706 1905 840 1947 illata.
856 1905 1077 1947 Fallaciae
1092 1905 1248 1947 aPetro
1263 1905 1443 1948 vaivoda
1451 1905 1507 1947 M
1510 1905 1703 1948 oldaviae
1716 1910 1989 1948 constructae.

445 2000 703 2041 Ludovicus
727 1999 881 2049 Gritti,
908 2014 999 2054 qua
1024 2000 1336 2054 magnitudine
1359 2000 1498 2042 animi
1522 2000 1608 2042 fuit
1634 2000 1679 2042 in
1704 2001 1768 2050 iis,
1795 2014 1910 2055 quae
1934 2001 1993 2043 ad

301 2070 558 2125 augendum
593 2071 809 2112 honorem
845 2071 1159 2125 illustramque
1194 2071 1364 2112 famam
1399 2071 1642 2126 pertinent,
1678 2072 1791 2127 regis
1825 2072 1993 2113 oratori

301 2141 491 2183 libenter
514 2155 699 2197 operam
722 2155 852 2183 suam
876 2146 921 2183 et
946 2142 1218 2183 industriam
1241 2142 1469 2197 promittit
1492 2156 1500 2192 ;
1526 2142 1622 2184 adit
1646 2142 1826 2184 bassam
1850 2156 1915 2192 ac,
1941 2147 1992 2184 ut

300 2212 498 2253 breviter
519 2213 681 2262 dicam,
706 2213 825 2254 intra
846 2226 1016 2268 paucos
1037 2213 1131 2254 dies
1152 2213 1384 2267 negotium
1406 2213 1599 2255 conficit.
1625 2213 1773 2255 Initur
1793 2213 1993 2255 amicjtia
2009 2227 2045 2253 25

302 2282 418 2324 inter
451 2284 676 2337 Joannem
714 2297 864 2338 regem
902 2288 947 2325 et
987 2283 1306 2339 imperatorem
1343 2284 1622 2334 Turcorum;
1662 2285 1994 2339 promittuntur

302 2353 469 2395 auxilia
503 2354 594 2409 regi
629 2355 775 2396 omnis
809 2354 1012 2409 generis;
1051 2359 1203 2396 orator
1237 2355 1331 2396 eius
1366 2355 1615 2397 dimittitur
1650 2355 1695 2396 in
1730 2355 1993 2397 Valachiam

300 2424 645 2479 Transalpinam
666 2439 769 2467 cum
785 2425 1013 2467 mandatis
1038 2426 1122 2481 [ad]
1142 2425 1293 2467 Radul
1312 2425 1570 2475 vaivodam,
1587 2426 1623 2468 is
1648 2430 1757 2468 tunc
1783 2426 1994 2468 Valachis

301 2494 636 2545 dominabatur,
691 2501 741 2538 ut
794 2496 898 2538 inde
950 2510 1055 2538 cum
1100 2496 1253 2538 valido
1292 2497 1494 2538 exercitu
1533 2497 1578 2538 in
1617 2497 1993 2553 Transylvaniam

303 2565 566 2620 irrumperet
595 2580 786 2622 eamque
813 2567 1072 2609 restitueret
1099 2567 1320 2622 potestati
1343 2568 1533 2622 Joannis
1560 2568 1686 2622 regis.
2009 2580 2044 2606 30

447 2637 789 2692 Peropportune
816 2638 862 2679 in
889 2638 1023 2680 rebus
1049 2638 1240 2693 publicis
1266 2638 1526 2680 revertebar
1552 2652 1607 2680 ex
1633 2638 1780 2680 Gallia
1806 2643 1850 2680 et
1889 2652 1992 2680 cum

302 2719 527 2760 nusquam
559 2712 735 2762 pateret
768 2709 921 2750 aditus
952 2722 1098 2763 neque
1130 2723 1210 2763 per
1240 2709 1543 2758 Germaniam,
1577 2723 1722 2763 neque
1753 2722 1832 2763 per
1864 2709 1992 2750 Hun-

302 2776 473 2829 gariam
496 2782 541 2818 et
566 2778 793 2820 Croatiam
816 2779 1084 2834 penetrandi
1106 2780 1165 2820 ad
1187 2793 1349 2834 regem,
1374 2780 1452 2834 qui
1474 2784 1583 2821 tunc
1618 2779 1663 2820 in
1699 2779 1883 2820 Polonia
1917 2793 1992 2820 ex-

303 2846 460 2888 ulabat
498 2848 663 2902 (omnia
689 2849 808 2890 enim
845 2849 1007 2891 itinera
1043 2850 1369 2891 obsidebantur
1403 2863 1430 2890 a
1466 2849 1685 2890 militibus
1721 2854 1801 2891 aut
1837 2850 1992 2891 amicis

304 2917 417 2970 regis
441 2917 713 2960 Ferdinandi
736 2933 787 2961 ac
812 2921 1021 2962 omnibus
1044 2920 1090 2961 in
1104 2920 1210 2961 locis
1226 2920 1421 2961 viatores
1438 2919 1785 2961 excutiebantur
1806 2925 1992 2975 propter
2009 2933 2044 2959 35

304 2985 511 3040 litteras),
533 2989 705 3043 magnis
731 2990 867 3031 aditis
886 2995 931 3032 et
951 2990 1170 3045 susceptis
1200 2990 1429 3031 laboribus
1459 2994 1598 3044 atque
1616 2990 1821 3044 periculis
1842 2991 1991 3046 Ragu-

305 3055 421 3096 sium
455 3058 741 3113 adnavigavi,
778 3065 829 3101 ut
864 3074 943 3115 per
978 3061 1214 3102 Dardanos
1248 3065 1292 3101 et
1328 3060 1546 3101 Triballos
1581 3060 1810 3116 Getasque
1843 3061 1992 3116 ipsum

448 3182 475 3204 2‘
488 3185 537 3218 In
563 3187 742 3231 originali
758 3198 765 3222 :
793 3188 1003 3224 Cibinium.
