2209 3643
230 213 300 245 190
984 196 1060 230 No.
1084 205 1156 240 149
1607 187 1682 242 [17.
1702 191 1798 227 Maii
1820 201 1919 236 1529

229 345 315 381 me,
339 343 462 372 meos
484 334 528 371 et
552 327 700 376 debui,
725 325 851 368 tenui
873 328 918 366 et
941 329 1087 366 teneo.
1111 323 1287 364 Invenit
1307 322 1483 364 modum
1515 321 1634 377 regni
1667 321 1921 376 aucupandi

230 403 364 445 bonus
386 405 520 456 pater,
545 399 616 440 sed
637 397 749 453 quod
770 395 913 438 Siculi
935 394 1042 436 mali
1064 394 1098 447 J
1102 406 1285 435 oannem
1306 393 1388 434 huc
1410 393 1686 441 advocarunt,
1721 391 1923 447 promisit

230 487 272 515 se
291 476 528 514 venturum.
550 469 683 510 Nunc
703 466 893 509 intellexi
911 469 1129 506 armatum
1147 464 1381 506 consilium
1399 463 1494 505 suis
1513 462 1713 504 omnibus
1737 462 1922 504 Varadi-

229 556 336 585 nuni
357 541 584 588 indixisse,
600 538 717 580 solus
738 537 791 579 ab
812 551 861 578 ea
881 540 1002 591 parte
1022 549 1101 576 nos
1123 535 1267 590 agredi
1280 534 1473 583 decrevit,
1494 533 1676 575 Valachi
1696 533 1874 588 quisque
1896 547 1922 574 a

230 627 311 655 sua
330 616 465 668 parte,
484 609 697 652 Rasciani
725 622 751 649 α
779 608 928 663 Lippa
956 606 1020 648 vel
1047 606 1103 647 ad
1131 619 1267 647 unam
1285 609 1466 660 partem,
1487 618 1566 646 nos
1594 604 1643 645 in
1670 604 1750 645 hac
1776 607 1922 645 nostra
1960 615 1978 641 5

230 682 497 725 dissensione
527 679 820 722 incunibenter
849 678 1043 730 sufficere
1063 690 1268 731 magnum
1298 680 1370 724 est,
1394 675 1451 717 ad
1481 688 1626 716 omnes
1656 688 1750 717 vero
1780 678 1922 730 partes

231 752 512 810 impossibile.
549 750 682 792 Video
712 754 945 791 extremum
973 747 1155 789 miserae
1183 747 1353 802 patriae
1382 746 1564 788 exitium
1578 759 1594 793 ‚·
1616 750 1700 787 616.

376 823 446 865 Ex
475 821 713 877 Lykawa,1
741 819 889 875 prima
915 818 1023 860 Maii
1053 828 1177 873 1529.

370 927 595 972 (Originale.
650 925 938 965 Staatsarchiv,
982 925 1109 958 Wien.
1159 922 1403 968 Hungarica.
1447 922 1610 957 Edidit:
1654 921 1802 956 Archiv
1858 922 1927 956 des

236 989 420 1024 Vereines
448 988 512 1021 fiir
540 985 887 1031 siebenbi'irgische
910 984 1205 1019 Landeskunde
1230 982 1308 1017 vol.
1339 984 1398 1016 26.
1428 992 1518 1027 pag.
1548 980 1779 1026 651—652.)
1943 992 1979 1018 10

1031 1158 1130 1200 149.

788 1269 952 1324 Lippa,
986 1280 1055 1322 17.
1089 1267 1213 1309 Maii
1246 1278 1372 1320 1529.

357 1362 614 1403 Secretarius
640 1372 879 1412 anonymus
905 1359 1012 1410 regis
1034 1358 1244 1409 Johannis
1266 1356 1491 1409 Szapolyai
1515 1380 1569 1384 —
1594 1355 1679 1406 regi
1704 1354 1796 1407 ipsi.

381 1463 493 1504 Tam
528 1461 735 1503 vaivodae
771 1459 1024 1502 Moldaviae
1065 1457 1397 1512 Valachiaeqne,
1430 1469 1561 1512 quarn
1597 1455 1740 1497 Siculi
1780 1454 1931 1496 Ferdi-

235 1534 380 1577 nando
416 1533 545 1585 sideni
582 1536 741 1574 vovent.
1948 1536 1987 1562 15

381 1640 499 1682 Tota
547 1638 760 1680 nobilitas
809 1635 1186 1684 Transsilvaniae,
1228 1633 1511 1690 paucissimis
1550 1632 1764 1688 exceptis,
1816 1645 1931 1687 quos

238 1711 501 1754 Dominatio
527 1711 599 1751 Vra
627 1708 769 1763 Regia
793 1708 908 1749 bene
934 1706 1078 1755 novit,
1106 1710 1151 1748 et
1176 1705 1312 1747 Siculi
1338 1717 1494 1746 omnes
1529 1703 1587 1745 ad
1625 1702 1929 1745 obedientiam

237 1781 490 1825 Maiestatis
512 1780 678 1835 Regiae
700 1777 1181 1821 redierunt.1Saxones
1196 1776 1424 1818 duntaxat
1440 1779 1546 1816 sunt
1562 1774 1710 1816 adhuc
1731 1773 1930 1823 rebelles,

238 1853 316 1909 qui
341 1858 495 1895 tamen
522 1851 606 1907 ipsi
633 1854 839 1906 respectu
866 1849 1057 1890 aliorum
1083 1861 1245 1903 parum
1271 1850 1476 1902 possunt,
1504 1845 1583 1887 sed
1608 1849 1653 1887 et
1680 1845 1764 1900 ipsi
1789 1844 1930 1893 brevi,

241 1925 278 1966 si
318 1928 495 1965 mature
536 1921 813 1977 neglexerint
856 1919 1035 1968 reverti,
1078 1918 1291 1974 perfidiae
1333 1931 1487 1959 eorum
1529 1929 1698 1971 poenas
1739 1915 1930 1957 dabunt.
1948 1916 1985 1942 ‘2⁰

241 1995 382 2038 Credo
405 1994 525 2036 enim
561 1992 807 2035 vaivodam
831 1990 1180 2045 Transalpinum
1205 1994 1250 2030 et
1275 1988 1469 2030 alterum
1493 1986 1739 2029 vaivodam
1762 1985 1933 2028 Molda-

240 2066 354 2115 viae,
387 2065 465 2120 qui
496 2069 686 2119 uterque
717 2061 947 2104 Maiestati
979 2060 1145 2116 Regiae
1175 2060 1319 2102 fidelis
1349 2063 1395 2101 et
1427 2058 1640 2100 obediens
1671 2057 1820 2099 factus
1850 2060 1932 2105 est,

242 2151 343 2179 cum
375 2150 465 2177 non
496 2135 649 2191 parvis
679 2134 851 2176 viribus
881 2132 1144 2188 propediem
1173 2131 1374 2173 Saxones
1404 2141 1689 2184 aggressuros
1719 2131 1765 2169 et
1796 2127 1934 2169 etiam

242 2207 409 2249 invitos
438 2206 497 2248 ad
526 2205 832 2247 obedientiam
863 2207 1110 2245 coacturos.
1144 2202 1227 2244 His
1257 2201 1415 2243 diebus
1445 2200 1531 2242 fuit
1560 2199 1633 2241 hic
1662 2202 1814 2241 orator
1841 2197 1936 2240 vai-

243 2277 388 2319 vodae
421 2276 690 2325 Moldaviae,
726 2275 963 2331 episcopus
996 2274 1042 2315 in
1076 2272 1307 2315 Moldavia
1339 2271 1593 2327 primarius,
1629 2269 1778 2311 medio
1812 2268 1937 2310 cuius
1951 2270 1988 2297 25

244 2348 338 2403 ipse
361 2347 559 2390 vaivoda
594 2346 849 2388 Moldaviae
872 2345 963 2400 egit
988 2344 1111 2400 apud
1134 2342 1238 2385 Mtem
1265 2342 1453 2397 Regiam
1492 2355 1573 2397 pro
1608 2338 1937 2382 reconcilianda

244 2418 390 2473 gratia
413 2412 494 2460 MffiS
514 2418 630 2460 Suae
654 2431 758 2472 erga
781 2430 827 2458 se
845 2431 854 2467 ;
885 2421 970 2458 eto.

389 2489 460 2530 Ex
490 2489 664 2544 Lyppa,
699 2500 764 2542 17.
797 2487 904 2529 Maii
936 2486 1090 2542 [1529].

384 2594 608 2638 (Originale.
624 2593 911 2633 Staatsarchiv,
936 2592 1063 2626 W’ien.
1085 2590 1329 2635 Hungarica.
1358 2588 1520 2623 Edidit:
1545 2587 1694 2622 Archiv
1712 2587 1780 2621 des
1805 2585 1935 2621 Verei-

248 2664 316 2688 nes
344 2653 407 2687 fiir
435 2653 780 2698 siebenbfirgische
810 2651 1104 2686 Landeskunde
1129 2650 1207 2684 vol.
1233 2651 1292 2683 26.
1316 2659 1407 2694 pag.
1432 2647 1535 2692 656.)
1954 2648 1992 2673 30

387 2843 400 2863 1
423 2843 497 2876 Est
519 2843 661 2876 datum
683 2841 818 2875 fictive
839 2840 1083 2886 appositum.

392 2937 405 2958 1
436 2937 523 2971 Hoc
552 2936 641 2970 ideo
670 2936 784 2970 nobis
813 2936 990 2975 interest,
1022 2934 1118 2980 quia
1146 2933 1187 2967 in
1217 2935 1552 2976 contemporanea
1581 2928 1738 2962 cronica
1773 2927 1941 2962 Siculica

80 3010 127 3037 14·
151 3000 222 3029 Maii
252 2995 444 3040 scriptum
465 2995 630 3039 legimus
649 3005 655 3028 :
684 3005 791 3039 1529.
817 2994 864 3028 In
887 2993 1055 3038 epistola
1076 2992 1140 3026 die
1159 2990 1296 3026 Sancti
1318 2987 1514 3023 Bonifacii
1535 2987 1685 3032 scripta
1706 2996 1777 3020 nos
1799 2986 1941 3021 Petrus

252 3053 425 3087 vaivoda
459 3053 717 3092 commonuit,
756 3054 802 3086 ut
837 3052 1104 3097 relinquentes
1141 3048 1439 3084 Ferdinandum
1474 3055 1605 3090 regem
1639 3044 1806 3090 Joannis
1842 3045 1942 3089 regis

83 3121 132 3141 22.
155 3111 221 3150 Jan.
255 3114 388 3155 partes
417 3121 640 3155 sequamur.
673 3111 825 3144 Eodem
855 3111 930 3144 hoc
959 3120 1065 3143 anno
1094 3118 1229 3154 pugna
1258 3106 1366 3151 apud
1397 3103 1683 3139 Fffldvarmezo
1713 3103 1776 3137 die
1805 3103 1940 3138 decem
1960 3108 1997 3134 35

254 3168 359 3203 mille
389 3169 625 3213 Martyrum.
663 3168 917 3211 (Tortenelmi
947 3167 1037 3208 Tar,
1074 3167 1183 3201 1880.
1216 3175 1306 3211 pag.
1339 3163 1440 3208 634.)
