2209 3643
323 201 373 236 50
1091 186 1165 220 No.
1188 196 1235 230 43
1662 181 1734 236 [12.
1769 187 1883 222 Febr.
1911 197 2016 232 1500

1136 347 1206 388 43.

724 456 770 497 K
773 456 1100 497 olozsmonostor
1129 466 1199 496 12.
1237 455 1471 498 Februarii
1503 468 1530 498 Ι
1532 468 1630 510 500.

326 550 567 590 Conventus
601 546 795 586 ecclesiae
830 546 881 584 de
908 545 1280 643 ΚοΙοΖῗᾷηῗὲοεῒοῑ
1313 559 1389 598 pro
1422 552 1543 599 parte
1575 546 1777 599 Stephani
1811 547 2021 586 vaivodae

1045 627 1058 644 i
1089 618 1113 644 o
1161 617 1292 645 avlae.

475 706 514 746 F
516 704 756 746 assionales
772 703 806 757 J
809 703 968 745 oannis
987 708 1024 745 et
1039 703 1230 745 Emericz·
1250 703 1415 758 Bcinffy
1432 704 1482 745 de
1499 704 1688 746 Losoncz
1704 707 1782 759 pro
1800 703 2018 758 Stephano
2055 716 2080 742 ει

328 776 511 819 vaivoda
529 775 585 817 M
589 774 797 823 oldaviae,
820 779 857 816 et
877 774 971 816 eius
989 774 1081 826 filio
1103 774 1283 829 Bogdan
1303 778 1434 830 super
1452 775 1672 817 medietate
1696 774 2020 830 possessionum

330 847 363 901 J
367 846 608 902 osiplcipOS,
643 845 836 888 Alscite'cs
883 845 1064 894 Borkzit,
1099 845 1155 886 M
1158 845 1418 894 acskamezc'j,
1449 845 1717 901 Danpataka
1746 848 1783 887 et
1813 845 1936 898 Rolzy
1971 844 2020 886 in

329 917 533 960 comitatu
557 916 743 958 Szolnok
764 916 962 958 interiori
982 915 1257 957 existentium
1277 915 1339 957 eis
1360 916 1646 958 venditarum.

476 1023 738 1065 Conventus
770 1021 1034 1064 monasterii
1067 1022 1238 1063 Beatae
1271 1022 1440 1064 Mariae
1472 1021 1666 1077 Virginis
1697 1021 1754 1063 de
1788 1022 2025 1063 Kolosmo-

329 1098 499 1137 nostra.
530 1093 753 1136 Omnibus
781 1093 945 1135 Christi
970 1092 1192 1142 fidelibus,
1219 1096 1316 1134 tam
1341 1093 1668 1148 praesentibus,
1696 1106 1835 1147 quam
1860 1091 2024 1134 futuris
2040 1103 2083 1131 ιο·

330 1165 639 1222 praesentium
667 1164 883 1206 notitiam
913 1163 1149 1206 habituris.
1181 1163 1254 1205 Ad
1281 1163 1594 1206 universorum
1622 1163 1835 1206 notitiam
1864 1163 2025 1204 harum

331 1236 443 1279 serie
461 1236 673 1278 volumus
692 1235 941 1290 pervenire,
962 1235 1086 1290 quod
1104 1234 1282 1290 Egregii
1297 1234 1530 1289 Johannes
1548 1234 1664 1277 filius
1683 1234 1789 1277 olim
1804 1233 2028 1289 Johannis

335 1307 503 1363 Banfly
537 1320 590 1349 ac
623 1306 856 1350 Emericus
890 1306 1008 1348 filius
1043 1306 1236 1348 condam
1270 1305 1499 1348 Michaelis
1532 1305 1736 1347 similiter
1769 1305 1938 1361 Banffy
1972 1304 2027 1346 de

333 1378 580 1428 Lossonch,
619 1377 739 1419 idem
778 1377 1026 1426 Emericus,
1065 1376 1202 1426 Petri,
1232 1376 1440 1419 Andreae
1477 1381 1522 1418 et
1552 1376 1782 1418 Michaelis
1818 1376 2026 1426 fratrum,

333 1463 509 1492 necnon
545 1447 797 1497 Elisabeth,
820 1448 1072 1490 Drusianae
1107 1451 1152 1489 et
1184 1447 1409 1502 Julianae,
1444 1460 1648 1489 sororum
1681 1460 1879 1496 suorum,
1916 1460 2029 1502 quos
2041 1458 2090 1485 ιτ»

334 1519 676 1576 infrascriptum
704 1523 989 1561 concerneret
1016 1532 1096 1561 seu
1134 1531 1398 1561 concemere
1435 1522 1587 1574 posset
1613 1518 1859 1574 negotium,
1887 1517 2029 1559 oneri-

335 1592 421 1634 bus
442 1595 487 1633 et
509 1590 784 1647 quibusdam
806 1589 1146 1645 gravaminibus
1167 1589 1226 1631 ad
1247 1594 1434 1632 cunctas
1455 1603 1559 1631 suas
1579 1588 1897 1638 haereditates,
1920 1588 2031 1630 alias

334 1663 381 1705 in
397 1675 443 1704 se
458 1661 704 1717 assumptis
719 1661 777 1703 ab
793 1674 899 1711 una,
915 1674 967 1703 ac
982 1660 1197 1717 Egregius
1213 1661 1373 1703 Petrus
1390 1660 1662 1702 castellanus
1678 1659 1814 1703 castri
1831 1659 2029 1715 Chych0‚

333 1732 604 1789 Spectabilis
641 1737 686 1774 et
726 1732 952 1787 Magnifici
990 1731 1161 1774 domini
1195 1731 1415 1787 Stephani
1452 1731 1675 1773 vaivodae
1711 1730 2031 1772 Moldaviensis

337 1804 511 1847 domini
534 1803 701 1846 scilicet
726 1802 794 1844 sui
817 1803 863 1844 in
885 1816 1091 1858 persona,
1117 1803 1324 1857 partibus
1347 1817 1402 1844 ex
1426 1803 1582 1852 altera,
1606 1815 1757 1844 coram
1780 1802 1910 1843 nobis
1934 1815 2030 1856 per·
2044 1813 2090 1839 20=

338 1874 554 1918 sonaliter
577 1873 833 1924 constituti,
858 1873 994 1916 iidem
1014 1874 1247 1928 Johannes
1281 1878 1326 1915 et
1355 1873 1586 1915 Emericus
1619 1876 1781 1927 sponte
1815 1877 1860 1915 et
1894 1872 2031 1914 libere

340 1945 531 1990 confessi
561 1944 835 1987 exstiterunt
867 1944 913 1986 in
943 1945 1063 1987 hunc
1094 1944 1294 1993 modurn,
1328 1943 1555 1999 quomodo
1586 1943 1670 1999 ipsi
1699 1947 1881 1985 matura
1910 1942 2032 1985 intra

339 2031 387 2060 se
411 2015 735 2060 deliberatione
756 2015 1026 2071 praehabita
1048 2015 1266 2058 directam
1290 2019 1334 2056 et
1358 2014 1592 2069 aequalem
1615 2014 1907 2057 medietatem
1931 2027 2033 2069 pos-

340 2088 549 2131 sessionis
576 2087 852 2142 Josyplapos
882 2086 1016 2128 simul
1047 2100 1149 2128 curn
1179 2085 1464 2141 pertinentiis
1494 2085 1704 2127 videlicet
1735 2085 2031 2134 Alsoszewch,

342 2160 543 2208 Borkwt‚
585 2158 961 2206 Machkamezew,
992 2157 1270 2213 Danpataka
1299 2160 1344 2198 et
1376 2156 1511 2212 Rohy
1539 2155 1870 2211 possessionum
1899 2169 2032 2197 voca·
2044 2167 2093 2193 25-

340 2235 508 2279 tarum,
534 2228 718 2271 omnino
742 2228 787 2270 in
811 2228 1033 2270 comitatu
1055 2228 1227 2270 Zolnok
1250 2226 1450 2269 interiori
1465 2226 1757 2269 existentium
1771 2226 2031 2268 habitarum

342 2298 677 2349 medietatibus,
729 2299 961 2354 portiones
1013 2298 1179 2340 scilicet
1238 2298 1437 2353 ipsorum
1489 2297 1860 2353 possessionarias
1912 2297 2033 2352 ipsos

343 2371 437 2413 iure
462 2370 763 2413 haereditario
788 2374 1107 2412 concernentes
1132 2383 1235 2411 cum
1260 2368 1434 2411 cunctis
1459 2368 1658 2423 ipsarum
1684 2367 1962 2410 utilitatibus
1986 2371 2032 2409 et

344 2441 628 2497 pertinentiis
661 2441 954 2496 quibuslibet,
989 2444 1103 2496 puta
1135 2439 1264 2481 terris
1297 2438 1557 2489 arabilibus,
1593 2439 1725 2481 cultis
1758 2443 1802 2481 et
1836 2437 2032 2487 incultis,

343 2512 475 2567 agris,
497 2512 653 2567 pratis,
675 2512 868 2567 pascuis,
889 2511 1094 2560 foenetis,
1109 2510 1246 2560 silvis,
1261 2509 1534 2559 nemoribus,
1549 2509 1769 2564 virgultis,
1785 2509 2032 2558 montibus,
2047 2521 2095 2548 30-

344 2583 551 2632 vallibus,
580 2582 723 2624 vineis
749 2596 801 2624 ac
825 2582 1062 2624 vinearum
1087 2580 1419 2637 promontoriiS,
1441 2579 1583 2635 aquis,
1611 2580 1760 2622 fluviis
1793 2593 2034 2635 aquarum-

348 2667 434 2707 que
463 2657 508 2694 et
538 2652 780 2695 fluviorum
810 2653 1027 2702 cursibus,
1055 2651 1252 2708 piscinis,
1282 2650 1563 2700 molendinis,
1593 2650 1866 2706 piscinarum
1895 2649 2034 2692 etiam

347 2728 392 2765 et
428 2724 788 2765 molendinorum
824 2724 962 2773 locis;
998 2722 1263 2778 generaliter
1297 2735 1404 2764 vero
1440 2722 1744 2776 quarumlibet
1779 2721 2035 2763 utilitatum

349 2798 393 2835 et
423 2794 799 2848 pertinentiarum
830 2794 1074 2836 earundem
1104 2792 1441 2848 integritatibus
1471 2792 1526 2834 de
1555 2792 1650 2833 iure
1680 2796 1725 2834 et
1756 2791 1814 2833 ab
1844 2790 2035 2845 antiquo

349 2864 407 2905 ad
428 2864 725 2919 praescriptas
748 2865 1014 2907 medietates
1036 2863 1405 2919 possessionarias
1427 2862 1739 2918 spectantibus
1753 2866 1797 2904 et
1811 2861 2035 2917 pertinere
2049 2873 2094 2899 35·

351 2933 619 2976 debentibus
639 2935 800 2989 quovis
819 2935 1014 2977 nominis
1033 2935 1254 2977 vocabulo
1273 2933 1487 2976 vocitatis
1507 2937 1551 2974 et
1572 2932 1809 2987 appellatis
1828 2931 2036 2987 praefato

348 3003 590 3057 Spectabili
614 3009 658 3046 et
690 3006 928 3060 Magnifico
939 3006 1171 3061 Stephano
1194 3004 1416 3047 vaivodae
1440 3007 1484 3046 et
1509 3003 1698 3058 Bogdan
1722 3002 1812 3044 filio
1837 3002 2036 3044 eiusdem

352 3073 639 3129 ipsorumque
673 3074 940 3118 haeredibus
986 3081 1030 3118 et
1076 3075 1421 3131 posteritatibus
1467 3073 1686 3115 universis
1719 3087 1801 3128 pro
1836 3072 1956 3114 mille
1990 3075 2035 3113 et

352 3143 607 3209 quingentis
633 3145 809 3188 florenis
835 3146 930 3187 auri
956 3147 1071 3201 puri,
1099 3147 1157 3188 ab
1182 3146 1354 3196 eodem,
1373 3149 1425 3187 ut
1445 3145 1670 3193 dixerunt,
1691 3144 1820 3199 plene
1845 3142 2045 3198 receptis,
