2209 3643
309 191 355 226 18
1072 183 1147 218 No.
1185 193 1230 228 17
1643 174 1718 233 [25.
1750 182 1860 228 Junii
1895 194 1994 229 1475.

307 323 507 362 oratores
532 330 635 359 suos
660 314 911 357 subsidium
938 312 1154 354 adversus
1178 311 1361 361 Turcos,
1390 324 1503 366 quos
1528 311 1661 353 valde
1686 311 1883 353 infensos
1908 311 1993 353 sibi

307 395 351 432 et
389 389 482 431 eius
518 387 672 429 ruinae
708 384 940 426 imminere
977 382 1170 424 dicebat.
1211 381 1544 438 Respondimus
1580 381 1831 424 subsidium
1867 396 1992 437 prae-

306 460 446 503 sentis
472 457 578 501 anni
603 454 832 498 Maiestati
857 454 981 495 Tuae
1008 452 1210 494 dicatum
1236 466 1331 495 esse
1351 466 1360 503 ;
1389 466 1547 495 verum
1573 456 1759 508 propter
1784 453 1994 495 coniunc-

306 531 490 579 tionem,
518 541 634 583 quae
658 530 810 568 tecum
835 524 920 566 sibi
945 528 1075 573 esset,
1101 537 1192 565 non
1218 524 1427 566 dubitare
1451 537 1547 572 nos,
1575 523 1684 578 quin
1709 537 1842 565 omne
1865 537 1992 578 prae-

306 601 470 643 sidium
510 598 689 640 afferres
729 596 783 645 ei,
825 594 948 650 quod
986 594 1286 636 necessarium
1327 599 1457 644 esset,
1500 598 1694 643 attento,
1736 594 1859 649 quod
1898 594 1992 636 eius
2028 609 2051 635 5

306 671 426 714 salus
446 669 505 711 ad
525 668 718 710 salutem
740 679 920 722 quoque
941 669 1071 707 tuam
1092 665 1225 707 valde
1245 665 1490 720 pertineret
1512 679 1521 716 ;
1545 665 1600 707 de
1620 664 1819 707 secunda
1839 669 1993 707 autem

307 739 642 784 contributione
672 738 882 780 daremus
914 750 1112 792 operam,
1144 740 1197 778 ut
1239 736 1485 778 iuvaretur.
1537 735 1792 778 Novissime
1823 740 1991 785 autem,

306 826 407 854 cum
433 810 658 866 perlatum
685 808 744 851 ad
769 821 851 850 nos
876 807 934 850 sit
960 807 1087 863 gravi
1113 821 1216 849 cum
1242 807 1440 862 periculo
1465 807 1709 856 subiacere,
1736 806 1996 862 scripsimus

305 883 363 925 ad
412 880 725 923 Venerabilem
777 880 963 921 fratrem
1014 878 1274 933 episcopum
1316 872 1602 928 Reatinum,3
1635 877 1993 920 commissarium

303 957 524 1001 nostrum,
562 955 614 993 ut
654 965 756 993 cum
794 950 927 992 isthic
964 949 1062 998 erit,
1102 949 1436 991 communicato
1474 953 1625 991 tecum
1663 948 1861 998 consilio,
1900 947 1994 989 eius
2009 962 2052 988 io

304 1023 439 1066 saluti
486 1022 800 1078 prospiciatur,
851 1020 1236 1076 quemadmodum
1284 1020 1407 1062 Tuae
1456 1019 1685 1062 Maiestati
1732 1018 1992 1069 videbitur;

305 1094 569 1137 confidimus
586 1093 704 1134 enim
719 1093 1002 1148 Stephanum
1018 1091 1103 1133 tibi
1119 1105 1212 1133 esse
1230 1091 1556 1141 charissimum,
1574 1095 1619 1133 et
1636 1090 1917 1133 considerare
1932 1094 1992 1139 te,

305 1165 465 1221 quanti
491 1164 711 1206 momenti
757 1163 815 1205 sit
844 1163 903 1205 ad
928 1163 1013 1205 hoc
1039 1162 1207 1204 bellum
1235 1161 1565 1211 sustinendum,
1594 1165 1640 1203 et
1667 1161 1806 1203 etiam
1833 1159 1994 1216 quanti

303 1236 500 1292 periculi,
539 1235 576 1276 si
613 1240 799 1291 propter
836 1233 1155 1290 impotentiam
1194 1233 1367 1288 aliquas
1406 1247 1508 1274 cum
1546 1233 1676 1274 hoste
1714 1231 1995 1274 conditiones

303 1307 434 1349 iniret
462 1306 533 1349 vel
560 1306 887 1348 succumberet.
918 1306 1164 1360 Propterea
1189 1318 1280 1346 non
1308 1304 1572 1346 dubitamus
1599 1303 1693 1345 eius
1719 1302 1994 1358 praesidium
2010 1317 2049 1343 15<

303 1379 593 1420 vehementer
616 1377 701 1419 tibi
725 1390 858 1419 curae
882 1390 976 1418 esse
997 1390 1006 1426 ;
1032 1376 1078 1417 in
1102 1389 1206 1431 quo,
1232 1380 1284 1417 ut
1308 1389 1389 1430 pro
1413 1374 1626 1430 singulari
1655 1373 1879 1429 sapientia
1913 1378 1993 1414 tua

303 1454 347 1491 et
374 1462 552 1491 summa
578 1448 624 1489 in
652 1462 755 1490 eum
782 1447 1090 1489 benivolentia
1116 1446 1319 1488 studium
1347 1450 1391 1487 et
1421 1459 1604 1500 operam
1632 1445 1832 1494 colloces,
1861 1443 1994 1486 sicuti

303 1533 371 1562 res
410 1519 662 1575 postulabit
703 1523 748 1561 et
789 1518 999 1574 expedire
1040 1517 1314 1573 cognoveris,
1342 1517 1587 1572 plurimum
1626 1516 1672 1557 in
1712 1515 1908 1558 Domino
1948 1519 1994 1556 te

301 1591 550 1633 hortamur.
598 1590 866 1646 Propediem
912 1589 1035 1644 apud
1079 1602 1160 1631 vos
1205 1588 1288 1630 erit
1334 1587 1567 1643 praefatus
1611 1586 1846 1642 episcopus
1891 1600 1993 1628 cum

302 1662 516 1718 pecuniis,
554 1675 671 1717 quae
706 1675 788 1717 pro
822 1660 981 1702 maiori
1017 1664 1147 1715 parte
1181 1659 1383 1701 Venetiis
1419 1659 1464 1700 in
1500 1662 1718 1714 promptu
1751 1661 1889 1707 sunt;
1926 1670 1994 1698 res
2007 1673 2050 1699 20.

301 1733 486 1775 secundi
517 1732 706 1774 subsidii
736 1732 850 1774 bene
881 1732 1034 1781 etiam,
1067 1736 1119 1773 ut
1150 1744 1396 1786 speramus,
1429 1729 1654 1779 succedet,
1685 1728 1732 1771 in
1762 1742 1853 1784 quo
1882 1728 1993 1770 nihil

303 1804 468 1846 laboris
507 1808 552 1846 et
591 1803 851 1859 diligentiae
889 1802 1309 1858 praetermittimus.
1350 1802 1537 1843 Datum.

449 1910 586 1956 (Copia
629 1911 810 1957 simplex.
854 1910 1023 1955 Magyar
1063 1909 1246 1943 Nemzeti
1288 1909 1485 1948 Muzeum‚
1526 1907 1745 1953 Budapest.
1780 1905 1864 1940 Fol.
1898 1906 1992 1940 Lat.

304 1971 413 2015 1656.
446 1970 513 2005 fol.
550 1980 581 2004 1.
609 1970 772 2005 Edidit:
798 1970 1063 2004 Monumenta
1087 1968 1285 2003 Vaticana
1308 1967 1386 2002 vol.
1415 1966 1492 2013 Ilo.
1518 1977 1608 2012 pag.
1638 1965 1737 2010 118.)

1115 2121 1185 2163 17.
2011 2134 2049 2160 25

834 2220 1033 2269 Venezia,
1068 2231 1134 2272 25.
1175 2217 1312 2272 Juniz‘
1350 2219 1478 2271 1476.

308 2308 490 2350 Senatus
534 2309 726 2350 Secretus
775 2309 961 2350 Venetus
998 2308 1220 2407 EIxrllanueh
1257 2308 1442 2348 Gerardo
1490 2309 1711 2348 secretario
1754 2308 1915 2350 Veneto
1951 2310 1995 2349 in

1077 2368 1251 2408 alachia.

452 2473 733 2524 Mandatum,
776 2479 823 2516 ut
864 2474 1038 2516 adiuvet
1077 2473 1347 2528 Stephanum
1387 2472 1612 2514 vaivodam
1650 2473 1902 2515 Moldavz'ae
1942 2474 1991 2516 in

309 2543 507 2586 omnibus
537 2545 630 2587 sm‘s
659 2545 852 2600 negotiis.
2013 2560 2055 2587 30>

447 2655 554 2697 Post
583 2659 715 2697 tuum
745 2656 849 2698 hinc
878 2656 1124 2698 discessum
1152 2654 1363 2697 certiores
1392 2654 1674 2709 plurifariam
1702 2655 1812 2697 sacti
1840 2669 1994 2697 sumus

301 2724 528 2767 Turchum
563 2731 720 2768 contra
756 2727 984 2769 Illustrem
1016 2727 1303 2782 Stephanum
1338 2725 1598 2780 vayvodam
1633 2725 1845 2768 direxisse
1878 2740 1994 2781 gres-

301 2808 375 2836 sus
403 2809 534 2838 suos:
566 2797 611 2838 id
639 2797 724 2839 tibi
753 2798 889 2840 debet
919 2797 1331 2853 exploratissimum
1360 2809 1484 2846 esse;
1513 2796 1656 2837 nostis
1683 2796 1803 2838 enim
1830 2797 1995 2851 practi-

303 2878 402 2907 cam
417 2871 620 2908 nostram
636 2868 694 2909 ad
709 2868 1027 2923 imperatorem
1042 2869 1336 2910 Tartarorum
1351 2871 1395 2908 et
1412 2867 1621 2908 volumus
1636 2867 1994 2922 mandamusque

306 2935 404 2984 tibi,
433 2941 485 2978 ut
514 2937 559 2978 in
587 2951 767 2980 ornnem
796 2953 964 2989 casum,
997 2944 1094 2981 tam
1121 2939 1157 2980 si
1185 2938 1389 2980 Turchus
1418 2937 1463 2978 in
1492 2937 1756 2979 Valachiam
1783 2938 1993 2987 venisset,
2010 2949 2055 2975 35

311 3019 447 3059 quam
488 3021 592 3057 non,
636 3022 818 3063 operam
860 3009 937 3051 des
980 3010 1208 3051 assiduam
1249 3012 1294 3050 et
1336 3007 1661 3062 intelligentem
1702 3007 1993 3063 intelligendi,

449 3150 464 3176 3
494 3158 640 3194 Fabius
671 3160 871 3196 Gallerani
900 3161 1194 3208 (1475—1477.)
