2209 3643
285 191 356 223 106
1049 187 1122 221 No.
1146 187 1191 220 82
1639 184 1713 238 [15.
1745 189 1841 223 Maii
1876 201 1973 235 1514

283 333 384 360 mus
408 320 526 360 hunc
552 317 765 359 nuntium
791 315 1075 370 imperatoris
1101 316 1373 358 Turcorum1
1399 318 1458 359 ad
1482 331 1564 359 nos
1588 318 1775 360 missum
1800 324 1845 361 et
1870 334 1973 362 cum

283 390 440 431 eodem
463 388 631 443 pariter
653 387 791 428 etiam
815 387 934 427 hunc
957 390 1160 427 vestrum
1183 387 1427 437 hominem,
1453 402 1588 443 quem
1611 389 1670 430 ad
1690 403 1773 430 nos
1794 389 1974 432 misera—

282 460 353 501 tis.
385 460 495 501 Cum
524 457 687 512 quibus
714 471 807 498 una
834 456 1148 511 expedivimus
1175 462 1219 498 et
1247 457 1451 500 misimus
1478 459 1536 500 ad
1563 459 1757 501 eundem
1785 460 1974 515 impera-

282 535 427 571 torem
457 529 704 570 Tuscorum
734 528 854 569 hunc
884 527 1081 568 nobilem
1112 528 1359 570 Martinum
1390 529 1586 571 aulicum
1617 530 1764 572 curiae
1795 535 1975 573 nostrae

283 614 385 642 cum
419 598 550 641 certis
570 598 732 639 litteris
753 597 930 639 nostris.
968 599 1199 653 Rogamus
1230 598 1395 641 idcirco
1428 600 1717 642 Fidelitatem
1750 602 1972 652 Vestram,
2013 615 2033 641 f>

282 675 331 712 ut
356 684 436 725 pro
461 674 677 711 consueta
699 673 851 710 vestra
874 668 919 709 in
942 682 1024 710 nos
1047 669 1138 711 fide
1161 674 1205 711 et
1229 669 1506 725 integritate,
1531 672 1723 713 eundem
1746 672 1975 714 hominem

282 746 486 782 nostrum
509 740 880 781 commendatum
900 740 1066 781 habere
1087 745 1131 781 et
1154 740 1337 795 insuper
1357 755 1510 783 curare
1531 742 1694 791 velitis,
1717 747 1768 784 ut
1790 743 1849 784 ad
1869 757 1974 784 eun-

283 812 384 853 dem
416 811 736 865 imperatorem
769 810 1108 866 quamprimum
1140 811 1293 852 salvus
1324 816 1369 853 et
1401 812 1637 854 incolumis
1668 813 1900 868 pervenire
1931 819 1975 855 et

280 882 439 923 habita
476 881 577 923 istic
615 881 903 936 expeditione
941 882 1129 923 tandem
1168 896 1365 924 unacum
1403 883 1548 938 priore
1587 888 1764 925 oratore
1801 889 1846 926 et
1884 884 1977 926 sine

281 952 607 1007 impedimento
634 952 725 993 ullo
754 952 896 993 redire
937 953 995 994 ad
1023 966 1104 994 nos
1133 953 1290 1008 possit,
1320 953 1366 994 in
1395 968 1485 1008 quo
1513 954 1644 996 nobis
1671 955 1977 1010 gratissimum
1993 966 2033 993 1ο

281 1023 516 1065 servitium
548 1023 734 1065 facietis.
770 1024 957 1064 Datum.

425 1116 554 1160 (Liber
581 1116 842 1150 formularum
874 1116 1160 1162 archiepiscopi
1191 1117 1345 1151 Nicolai
1377 1118 1491 1158 Olah,
1527 1118 1593 1153 fol.
1629 1129 1688 1164 75.
1724 1119 1978 1154 Bibliotheca

282 1179 507 1211 conventus
522 1176 571 1210 de
583 1175 714 1221 Jaszo.
730 1176 802 1210 Ms.
820 1175 895 1210 No.
913 1176 988 1221 78.)

1095 1281 1163 1323 82.

861 1391 1005 1439 Euda,
1028 1402 1097 1443 15.
1121 1391 1245 1432 Maii
1269 1403 1396 1445 1514.
1992 1404 2035 1431 15

279 1480 533 1519 Wladislaus
556 1481 612 1520 ΙΙ.
650 1481 815 1519 senatui
837 1481 1080 1520 Besztercze
1107 1486 1148 1520 et
1182 1481 1359 1520 aliarum
1393 1481 1619 1521 civitatum
1650 1483 1976 1523 Saxonicalium.

424 1580 646 1635 Stephano
670 1580 708 1621 T
710 1580 842 1635 elegdz'
863 1581 919 1621 ad
941 1581 1169 1622 vaivodam
1183 1581 1239 1622 M
1243 1581 1436 1622 oldamssae
1456 1581 1589 1622 misso
1611 1581 1819 1622 viaticum
1838 1595 1978 1623 neccs-

280 1650 449 1691 sarium
476 1655 629 1692 mutuo
652 1651 847 1692 dandum
876 1655 913 1693 et
942 1665 1013 1692 sex
1041 1652 1198 1707 pocula
1227 1652 1431 1693 donanda
1461 1652 1681 1707 implorat,
1711 1666 1835 1708 seque
1863 1653 1978 1694 alias

280 1722 543 1763 reddendum
577 1722 802 1777 promittit.

426 1828 698 1870 VVladislaus
745 1828 830 1870 Dei
877 1829 1025 1883 gratia
1071 1843 1149 1870 rex
1198 1828 1459 1883 Hungariae
1506 1833 1550 1870 et
1598 1829 1845 1870 Bohemiae
1891 1834 2034 1872 etc.20

281 1899 533 1940 Prudentes
566 1904 610 1940 et
645 1899 958 1954 circumspecti
991 1899 1161 1949 fideles,
1196 1899 1326 1940 nobis
1359 1899 1525 1941 dilecti.
1561 1899 1765 1941 Misimus
1797 1899 1979 1942 fidelem

280 1974 488 2011 nostrum
526 1970 769 2025 Egregium
807 1970 1089 2025 Stephanum
1130 1970 1187 2012 de
1225 1970 1391 2024 Telegd
1430 1970 1733 2012 consiliarium
1772 1975 1978 2012 nostrum

281 2041 339 2082 ad
376 2041 622 2082 vaivodam
661 2041 930 2090 Moldaviae,
970 2041 1015 2082 in
1052 2041 1186 2083 rebus
1222 2041 1388 2082 nostris
1424 2046 1469 2082 et
1506 2041 1639 2082 huius
1675 2041 1799 2096 regni
1834 2042 1977 2083 nostri

281 2111 571 2160 arduissimis,
601 2112 675 2153 cui
701 2112 773 2154 hic
801 2112 859 2154 ob
886 2112 1036 2154 varias
1075 2116 1120 2153 et
1159 2125 1318 2166 graves
1345 2112 1637 2153 necessitates
1676 2116 1853 2154 nostras
1903 2127 1978 2154 ex-

280 2187 500 2236 ponentes
528 2187 572 2224 et
605 2183 707 2231 alia,
740 2197 857 2237 quae
885 2183 944 2224 ad
968 2184 1085 2224 hanc
1125 2183 1451 2238 profectionem
1492 2182 1632 2237 ipsius
1672 2183 2031 2238 pertinebant‚25

284 2253 518 2294 commode
548 2254 613 2295 ita
642 2253 808 2302 subito,
840 2259 891 2295 ut
921 2268 991 2295 res
1019 2254 1299 2308 postulabat,
1330 2253 1565 2308 disponere
1594 2267 1685 2295 non
1714 2254 1975 2309 potuimus;

281 2324 581 2365 necessarium
611 2324 766 2379 itaque
796 2325 897 2373 fuit,
929 2329 980 2366 ut
1010 2325 1105 2366 eius
1134 2324 1470 2379 expeditionem
1500 2325 1558 2366 ad
1587 2338 1668 2366 vos
1696 2325 1975 2374 reiceremus‚

285 2394 608 2448 deputavimus
657 2400 811 2437 autem
860 2395 900 2437 ei
948 2409 1030 2450 pro
1078 2395 1286 2450 expensis
1334 2395 1529 2437 florenos
1589 2395 1946 2450 quadringentos
1967 2409 1976 2445 ;

281 2469 519 2519 praeterea
559 2466 742 2508 debebit
784 2480 935 2508 secum
977 2466 1090 2507 ferre
1131 2480 1212 2521 pro
1253 2465 1561 2507 muneralibus
1601 2480 1678 2507 sex
1721 2480 1891 2521 cuppas
1931 2466 1977 2507 in

283 2535 435 2576 valore
486 2536 692 2578 similiter
743 2537 1179 2592 quadringentorum
1232 2537 1518 2578 florenorum.
1574 2537 1721 2592 Quam
1774 2537 1832 2578 ob
1883 2551 1976 2578 rem
1992 2549 2031 2575 30

284 2605 528 2647 fidelitates
567 2607 753 2649 Vestras
792 2608 1061 2662 requirimus
1100 2612 1144 2649 et
1184 2607 1476 2649 nihilominus
1515 2607 1682 2649 eisdem
1722 2607 1976 2648 firmissime

283 2676 568 2725 mandamus,
602 2682 828 2732 quatenus
860 2679 1057 2733 acceptis
1088 2678 1402 2733 praesentibus
1432 2678 1733 2733 praescriptos
1764 2677 1976 2732 quadrin-

282 2755 440 2799 gentos
454 2747 647 2789 florenos
663 2748 707 2789 in
726 2749 898 2803 paratis
917 2754 962 2790 et
983 2763 1061 2790 sex
1082 2762 1253 2804 cuppas
1273 2754 1457 2790 auratas
1477 2749 1665 2790 alicuius
1685 2748 1976 2803 apparentiae

284 2816 476 2857 totidem
497 2818 690 2860 florenos
710 2819 927 2869 valentes,
945 2833 1138 2874 quorum
1165 2819 1367 2860 omniurn
1402 2833 1581 2860 summa
1613 2818 1884 2860 extendetur
1917 2818 1976 2859 ad

286 2885 478 2927 florenos
505 2888 802 2943 octingentos
825 2890 1194 2944 quamcitissime,
1222 2903 1313 2931 non
1339 2894 1489 2938 taxae,
1517 2889 1595 2930 sed
1620 2888 1769 2930 mutui
1794 2888 1974 2929 nomine
1991 2901 2028 2927 35

285 2955 519 3009 disponere
556 2963 599 2999 et
638 2960 844 3013 praefato
879 2960 1111 3015 Stephano
1147 2960 1377 3015 Thelegdy
1414 2960 1520 3000 dare
1557 2958 1773 3007 debeatis,
1813 2959 1974 3000 dantes

266 3026 412 3066 *vobis
443 3027 622 3080 plenam
671 3029 936 3071 facultatem
968 3044 1046 3085 per
1077 3035 1347 3085 praesentes,
1381 3034 1432 3071 ut
1464 3029 1561 3070 illos
1592 3029 1647 3070 de
1678 3029 1974 3083 proventibus

424 3154 436 3173 1
464 3153 581 3210 §elim
608 3155 639 3189 Ι.
671 3155 963 3201 (1512—1520.)
