2209 3643
335 196 382 231 70
1049 181 1124 215 No.
1147 183 1299 225 56—57
1697 174 1768 229 [20.
1798 180 1894 214 Dee.
1925 190 2020 224 1503

1155 341 1223 383 56.

837 452 981 500 thda,
1018 463 1085 492 20.
1121 451 1366 492 Decembris
1400 463 1526 504 1503.

332 546 587 586 Wladislaus
606 544 661 583 II.
679 556 751 582 rex
772 542 1016 593 Hungariae
1048 542 1235 594 capitulo
1255 542 1451 581 ecclesiae
1479 542 1672 581 Albensis
1696 542 2023 593 Transylvanae.

479 643 749 685 Mandatum
782 642 947 696 regium
979 642 1028 682 de
1064 640 1186 682 certis
1221 641 1344 682 rebus
1377 641 1553 696 Egregii
1574 640 1799 682 Francisci
1841 641 2027 682 Balassa

337 716 390 757 de
412 713 667 770 Gyarmath
688 712 956 754 cubicularis
976 712 1135 766 Regiae
1156 711 1423 760 Maiestatis,
1447 712 1523 766 qui
1546 711 1848 766 superioribus
1869 711 2026 753 diebus
2063 723 2081 750 5

334 785 537 841 proxime
574 783 828 839 praeteritis
860 797 939 838 per
967 783 1253 824 Maiestatem
1282 782 1418 824 Suam
1460 783 1505 824 in
1538 782 1670 824 certis
1699 782 1849 823 arduis
1881 782 1950 823 sui
1982 787 2026 824 et

334 855 457 911 regni
487 854 678 910 negotiis
707 855 766 896 ad
800 853 1093 909 Magnificum
1121 854 1403 909 Stephanum
1444 853 1714 909 wayvodam
1753 853 2028 895 Moldavien-

338 941 433 969 sem
458 926 544 967 fuit
575 925 621 967 in
656 925 879 980 legatione
904 925 1078 966 missus.

501 997 674 1038 Datum
717 996 878 1037 Budae
917 995 1028 1037 feria
1066 1000 1231 1050 quarta
1268 995 1474 1050 proxima
1512 1000 1614 1050 post
1653 995 1820 1036 festum
1860 995 2030 1036 Beatae

335 1067 498 1110 Luciae
521 1067 705 1122 virginis
729 1072 773 1109 et
799 1066 1025 1122 martyris
1061 1067 1193 1108 Anno
1219 1066 1402 1108 Domini
1429 1077 1552 1119 1503.
2045 1077 2082 1104 io

581 1171 806 1217 (Originale.
832 1172 1026 1217 Orszagos
1050 1171 1248 1214 Leveltar,
1275 1171 1493 1216 Budapest.
1520 1171 1582 1204 Dl.
1610 1171 1762 1216 29351.)

1152 1323 1221 1364 57.

924 1432 1095 1486 [Buda,
1130 1431 1259 1473 initio
1291 1432 1445 1485 1504]

334 1523 588 1562 Wladislaus
620 1523 675 1562 ΙΙ.
721 1535 793 1561 rex
837 1522 1080 1573 Hungariae
1123 1521 1342 1560 Leonardo
1386 1521 1576 1560 Loredan
1619 1521 1715 1560 duci
1747 1521 2029 1560 Venetiarum.

486 1623 559 1664 Ad
600 1623 749 1663 ducem
798 1622 1078 1663 Venetiarum
1121 1626 1198 1676 pro
1230 1621 1392 1662 medico
1423 1620 1678 1661 exmittendo
1707 1621 1763 1661 ad
1792 1621 2033 1661 curandum
2050 1643 2087 1670 15

341 1694 613 1749 Stephanum
639 1692 866 1734 vaivodam
891 1693 947 1734 M
951 1692 1157 1734 oldavzssae.

483 1800 769 1842 Wladislaus.
822 1799 1132 1841 Illustrissimo
1178 1799 1372 1854 principi
1420 1799 1604 1840 domino
1651 1798 1886 1839 Leonardo
1933 1798 2037 1840 duci

340 1870 812 1919 Venetiarum,amico
843 1875 886 1912 et
918 1870 1237 1912 confoederato
1267 1875 1422 1911 nostro
1453 1869 1727 1911 charissimo.
1759 1869 1960 1910 Salutem
1991 1874 2035 1910 et

341 1943 544 1984 fidelium
583 1955 870 1983 successuum
908 1941 1199 1982 incrementa.

487 2012 794 2054 Illustrissime
817 2012 1038 2067 princeps.
1066 2012 1177 2053 Cum
1199 2011 1467 2066 Spectabilis
1490 2016 1534 2052 et
1560 2011 1827 2065 Magnificus
1847 2010 2036 2065 Stepha-
2052 2023 2089 2049 20

340 2098 425 2125 nus
461 2083 695 2139 waywoda
731 2088 877 2125 terrae
916 2082 1249 2131 Moldaviensis,
1290 2082 1437 2123 fidelis
1473 2087 1625 2123 noster
1662 2082 1865 2129 dilectuS,
1904 2081 2038 2136 longa

342 2160 385 2196 et
429 2155 645 2196 diuturna
688 2154 947 2195 detineatur
989 2153 1283 2208 aegritudine,
1328 2153 1476 2207 sitque
1517 2153 1653 2194 homo
1695 2152 2037 2206 ingraviscentis

343 2225 522 2274 aetatis,
541 2225 668 2274 adeo,
687 2230 738 2266 ut
756 2225 827 2266 vel
844 2224 941 2279 ipsa
958 2224 1055 2265 vita
1072 2224 1129 2265 sit
1147 2224 1236 2265 iam
1253 2224 1337 2265 sibi
1354 2224 1508 2265 odiosa
1525 2224 1693 2272 futura,
1713 2223 2037 2278 cupiamusque

343 2296 537 2337 eundem
572 2310 653 2351 pro
687 2310 739 2337 ea
774 2295 880 2337 fidei
915 2295 1219 2343 observantia,
1256 2309 1393 2349 quam
1429 2308 1532 2349 erga
1565 2308 1647 2335 nos
1681 2294 1851 2348 absque
1886 2293 2037 2348 aliqua

344 2367 443 2407 labe
476 2381 522 2408 re
556 2367 653 2421 ipsa
687 2380 862 2421 semper
896 2366 1110 2414 ostendit,
1146 2365 1484 2419 declaravitque
1519 2365 1689 2406 diutius
1723 2365 1950 2406 victurum
1986 2378 2036 2405 ac
2050 2377 2089 2403 25

344 2437 438 2478 eius
472 2437 831 2491 aegritudinibus
865 2437 1048 2485 mederi,
1085 2436 1311 2491 salutique
1346 2436 1542 2490 corporis
1577 2449 1758 2490 prorsus
1793 2435 2034 2483 consulere,

346 2521 436 2561 quo
460 2522 513 2548 ex
539 2508 842 2549 diuturnitate
866 2507 989 2549 vitae
1014 2521 1120 2548 suae
1146 2507 1296 2548 fructu
1322 2511 1453 2548 tanto
1478 2520 1584 2548 suae
1609 2507 1653 2547 in
1678 2520 1759 2547 nos
1783 2506 2037 2547 declaratae

344 2576 451 2619 fidei
472 2592 553 2632 pro
573 2592 811 2633 regnorum
834 2583 1091 2619 nostrorum
1113 2578 1325 2619 ulteriore
1346 2577 1656 2619 stabilimento
1678 2576 1849 2618 diutius
1869 2576 2037 2631 perfrui

346 2648 580 2702 possimus,
614 2649 758 2690 mittit
803 2649 1017 2690 Venetias
1064 2662 1206 2703 usque
1235 2649 1317 2690 hos
1347 2649 1550 2689 homines
1581 2661 1698 2695 suos,
1729 2646 2037 2702 praesentium

347 2718 526 2767 latores,
564 2733 644 2773 pro
680 2720 890 2761 habendo
926 2719 1309 2773 conducendoque
1345 2719 1544 2773 quodam
1580 2718 1725 2773 perito
1761 2722 2037 2772 expertoque
2051 2729 2088 2756 30

346 2789 517 2842 phisico
551 2795 595 2830 et
629 2790 860 2831 curatione
894 2790 1229 2845 aegritudinum
1264 2790 1357 2831 eius
1389 2789 1574 2844 generis,
1610 2788 1774 2842 quibus
1805 2787 2038 2842 waywoda

348 2858 441 2912 ipse
483 2859 703 2913 affligitur
745 2865 853 2914 apto
896 2866 940 2901 et
982 2861 1144 2902 idoneo
1187 2860 1522 2914 sufficientique
1544 2872 1552 2908 ;
1596 2858 1782 2913 proinde
1826 2858 2038 2899 duximus

350 2928 477 2968 Ill¹¹¹²¹m
514 2930 882 2971 Dominationem
917 2931 1126 2972 Vestram
1160 2930 1421 2985 rogandam,
1469 2929 1578 2970 velit
1614 2942 1694 2983 pro
1729 2928 2038 2969 satisfactione

351 2998 488 3038 animi
526 3000 667 3040 nostri
706 3001 937 3054 negotium
976 3002 1059 3042 hoc
1098 3000 1354 3056 praemissis
1392 3014 1446 3041 ex
1486 2999 1631 3041 causis
1669 2999 2037 3040 commendatum

349 3067 512 3108 habere
553 3083 603 3110 ac
642 3071 917 3124 permittere,
960 3085 1051 3125 quo
1092 3071 1253 3125 aliquis
1292 3070 1463 3125 peritus
1503 3070 1561 3111 ad
1600 3069 1695 3110 eius
1734 3083 1952 3124 expensas
1992 3072 2036 3110 et
2052 3079 2089 3105 35

349 3137 606 3186 conduci‚et
616 3140 751 3193 pedes
771 3140 901 3181 istinc
922 3141 1057 3182 libere
1078 3142 1236 3182 efferre
1251 3140 1406 3196 possit,
1423 3140 1531 3194 quin
1552 3140 1704 3194 potius
1724 3139 2037 3181 commendare
