2209 3643
182 206 241 240 16.
265 204 360 238 Maii
384 198 494 253 1537]
942 203 1016 239 No.
1040 206 1113 239 226
1801 213 1870 249 271

326 334 523 376 Litteras
539 334 739 376 Sacrame
771 327 851 375 Mtis
870 335 958 375 ΨΜ
990 335 1113 376 omni
1144 336 1313 377 honore
1345 335 1614 392 accepimus,
1635 334 1874 377 intellectis

177 410 333 448 autem
356 405 401 446 in
424 409 576 447 mente
597 407 753 446 nostra
775 405 1107 448 collocavimus.
1134 407 1433 462 Intelligimus
1455 422 1510 450 ex
1532 406 1694 449 litteris
1713 406 1874 448 Sacrae

178 471 259 519 Mtis
307 477 395 518 Vme
444 475 738 530 Magnificum
786 476 1070 530 Jeronimum
1114 478 1170 519 de
1219 478 1381 528 Lasko,
1420 478 1724 521 consiliarium
1758 477 1874 519 Suae

178 541 259 590 Mtis
285 547 458 589 misisse
497 547 555 589 ad
591 546 744 589 Sermum
783 560 933 601 regem
976 548 1202 598 Poloniae,
1244 554 1295 591 ut
1335 549 1413 604 qui
1440 550 1643 604 infigeret
1671 547 1874 590 inducias

137 618 303 674 spacis
340 619 458 660 inter
492 618 644 660 Sermum
694 631 843 672 regem
894 619 1106 661 Poloniae
1159 620 1217 661 ad
1266 620 1384 662 festa
1422 621 1755 664 Penthecosten
1793 632 1874 660 nos
1899 632 1947 652 20.
1972 623 2045 652 Maii

176 689 384 733 inducias
418 689 542 744 pacis
577 693 786 730 mutuam
823 689 1133 732 ordinavimus
1169 705 1271 732 cum
1307 692 1539 746 praedicto
1583 693 1709 735 Ser“‘⁰
1756 704 1870 745 rege,

176 766 227 803 ut
268 762 326 804 ad
365 760 605 815 impletum
644 764 826 815 tempus
865 760 1146 803 differentiae
1186 762 1303 804 inter
1341 762 1451 805 haec
1490 763 1581 805 duo
1619 777 1757 818 regna
1795 775 1873 817 per

177 832 452 875 consiliarios
485 831 706 887 praedicti
747 831 861 886 regis
902 846 953 873 ac
992 837 1172 874 nostros
1205 833 1479 875 consiliarios
1513 835 1606 876 iure
1644 833 1873 876 mediante

175 903 233 945 ad
279 903 527 946 utilitatem
574 902 923 944 christianitatis
968 903 1143 946 definiri
1187 904 1397 946 debeant.
1445 905 1619 947 Scimus
1662 905 1871 947 Sacramm

118 973 278 1016 10Mtem
316 973 439 1029 [Vm]
490 986 581 1015 non
626 972 846 1028 ignorare,
881 988 962 1029 pro
1001 988 1092 1030 qua
1125 989 1171 1016 re
1217 975 1474 1017 differentia
1520 981 1621 1018 orta
1654 981 1721 1018 est
1756 976 1874 1017 inter

173 1046 284 1088 haec
315 1046 405 1087 duo
434 1058 572 1099 regna
602 1044 791 1086 Polonia
822 1058 873 1086 ac
903 1046 1146 1087 Moldavia.
1180 1046 1263 1088 Est
1294 1059 1385 1088 una
1414 1047 1707 1102 porciuncula
1736 1052 1870 1096 terra,

172 1116 355 1159 nomine
383 1115 598 1164 Pokucia,
627 1129 744 1171 quae
772 1115 831 1157 ab
859 1116 1060 1171 antiquis
1088 1116 1173 1158 fuit
1202 1116 1458 1160 membrum
1486 1118 1793 1161 Moldaviense
1821 1132 1872 1160 ac

172 1201 364 1231 coronae
392 1186 646 1241 Angelicae,
663 1186 742 1228 ubi
763 1191 807 1228 et
831 1191 951 1229 terra
978 1187 1066 1229 ista
1095 1188 1417 1231 Moldaviensis
1446 1194 1513 1231 est
1543 1194 1587 1232 et
1617 1189 1704 1231 fuit
1733 1203 1872 1231 mem-

171 1259 306 1301 brum
334 1271 525 1300 coronae
539 1257 792 1313 Angelicae.
822 1258 994 1300 Tamen
1022 1258 1115 1299 divi
1143 1259 1217 1300 avi
1244 1273 1296 1301 ac
1323 1261 1466 1302 nostri
1492 1261 1870 1316 praedecessores

116 1340 155 1368 15
172 1329 344 1373 domini
381 1328 614 1371 waivodae
652 1328 908 1371 Moldaviae
957 1343 1108 1371 coram
1146 1330 1263 1371 divis
1300 1331 1556 1373 christianis
1593 1331 1872 1387 principibus

170 1401 261 1444 iam
285 1400 386 1456 piae
409 1399 653 1443 memoriae
677 1414 828 1442 coram
852 1400 959 1442 divo
983 1401 1254 1456 imperatore
1276 1402 1587 1444 Maximiliano
1610 1416 1661 1444 ac
1686 1402 1873 1457 Hunga-

176 1473 269 1515 riae
288 1471 467 1527 regibus
487 1471 721 1527 praedicta
741 1475 862 1513 terra
880 1472 985 1514 huic
1005 1485 1141 1527 regno
1161 1472 1459 1514 Moldaviensi
1479 1473 1602 1515 omni
1622 1473 1716 1515 iure
1736 1473 1873 1528 assig-

175 1548 288 1586 nata
317 1546 398 1586 est.
431 1544 633 1585 Tantum
663 1541 882 1584 miramur
911 1543 967 1585 de
996 1557 1097 1598 rege
1128 1543 1355 1593 Poloniae,
1387 1544 1512 1599 quod
1538 1544 1629 1586 Sua
1659 1544 1872 1586 Maiestas

175 1615 270 1657 sine
300 1615 395 1656 iure
425 1614 588 1656 nititur
617 1613 899 1669 praedictam
930 1618 1098 1656 terram
1128 1613 1446 1657 immembrare
1476 1629 1612 1670 regno
1643 1615 1870 1664 Poloniae,

118 1696 156 1722 20
175 1687 300 1742 quod
339 1699 430 1727 non
470 1684 746 1733 conceditur,
789 1689 968 1740 praeter
1007 1700 1073 1734 ea,
1127 1686 1251 1740 quod
1299 1686 1483 1728 SacraIm
1537 1686 1750 1729 Maiestas
1801 1687 1871 1728 Vra

174 1757 322 1812 gratia
347 1760 529 1798 nostrae
556 1755 789 1798 fidelitatis
816 1756 1004 1812 dignata
1030 1756 1113 1798 erit
1141 1756 1322 1799 mittere
1349 1756 1624 1799 consiliarios
1649 1771 1754 1800 suos
1779 1757 1871 1799 iam

175 1829 234 1870 ad
262 1829 380 1872 testa
408 1827 741 1870 Penthecosten
770 1840 862 1869 una
889 1841 992 1869 cum
1022 1827 1283 1870 consiliariis
1311 1827 1425 1883 regis
1454 1828 1667 1871 Poloniae
1695 1828 1872 1871 iustitia

175 1899 361 1954 iureque
390 1898 621 1941 mediante
651 1898 888 1954 providere
919 1912 1076 1940 causas
1107 1912 1159 1940 ac
1190 1898 1468 1941 differentias
1497 1904 1672 1942 vertere
1703 1900 1762 1942 ad
1792 1914 1870 1955 pa-

177 1985 274 2013 cem
300 1973 569 2027 perpetuam
596 1970 714 2012 inter
737 1969 890 2011 Sermum
913 1983 1076 2024 regem,
1105 1969 1164 2011 ab
1190 1974 1385 2025 utraque
1406 1975 1537 2026 parte
1558 1976 1673 2013 esset
1695 1971 1870 2013 utilitas

118 2051 155 2077 25
177 2041 536 2084 christianitatis.

315 2132 547 2171 Intitulatio
566 2144 578 2170 .·
601 2131 722 2170 Sermo
749 2130 927 2182 principi
953 2135 994 2169 et
1019 2130 1203 2175 domino,
1226 2130 1397 2170 domino
1418 2131 1452 2170 F
1454 2131 1697 2177 erdinand0‚
1724 2132 1869 2171 divina

175 2190 350 2230 favente
386 2191 609 2230 clementia
637 2192 927 2230 Romanorum
948 2189 1032 2240 regi
1069 2202 1232 2241 semper
1269 2191 1476 2241 Augusto,
1516 2204 1564 2230 ac
1602 2192 1866 2236 Germaniae,

174 2250 417 2296 Bohemiae,
450 2250 693 2301 Hungariae
724 2250 808 2300 regi
839 2255 917 2288 etc.
950 2249 1134 2288 Domino
1164 2253 1309 2288 nostro
1340 2249 1675 2290 clementissimo,

243 2334 469 2379 (Originale.
488 2334 777 2374 Staatsarchiv,
795 2333 920 2368 Wien.
939 2333 1169 2378 Hungarica
1183 2333 1278 2370 fasc.
1297 2344 1356 2378 30.
1375 2334 1488 2369 Febr.
1509 2345 1617 2380 1537.
1639 2336 1713 2369 No.
1736 2335 1811 2380 86.)

120 2499 156 2525 30
968 2486 1065 2527 226.

682 2598 948 2646 Sutsclzawa,
979 2598 1046 2638 16.
1078 2596 1202 2638 Maii
1229 2608 1355 2650 1537.

268 2687 418 2726 Petrus
441 2688 571 2741 Rares
595 2687 779 2726 vaivoda
802 2686 1037 2726 Moldaviae
1061 2686 1094 2724 F
1096 2685 1327 2724 erdinando
1351 2687 1382 2725 Ι.
1409 2687 1492 2738 regi
1516 2688 1769 2738 Hungariae.

348 2787 532 2829 Litterae
568 2787 843 2829 credentiales
880 2786 1037 2828 oratori
1073 2799 1151 2827 suo
1186 2785 1242 2826 ad
1274 2799 1370 2826 eum
1398 2785 1530 2827 misso
1559 2787 1696 2828 datae.

120 2911 155 2937 35
315 2891 439 2934 Serme
465 2896 510 2934 et
533 2892 716 2934 Sacrame
754 2892 960 2948 princeps
998 2896 1042 2933 et
1081 2890 1275 2940 domine,
1316 2890 1497 2933 domine
1529 2892 1862 2947 gratiosissime.

317 2962 636 3004 Obedientiam
676 2977 727 3005 ac
766 2962 1033 3004 fidelitatem
1073 2965 1156 3003 etc.
1188 2962 1349 3003 Petrus
1376 2961 1460 3004 Dei
1486 2962 1633 3017 gratia
1659 2962 1866 3005 waivoda

173 3036 218 3073 et
246 3032 458 3075 dominus
484 3047 536 3075 ac
563 3034 719 3075 haeres
746 3037 991 3088 perpetuus
1018 3036 1165 3074 terrae
1191 3032 1524 3074 Moldaviensis.

319 3103 522 3145 Misimus
543 3104 663 3146 hunc
686 3103 974 3146 tabellarium
1012 3103 1194 3144 nomine
1228 3102 1467 3144 Nicolaum
1490 3108 1534 3145 et
1557 3103 1864 3159 praesentium

171 3173 471 3216 exhibitorem
505 3188 608 3216 cum
642 3175 774 3216 certis
808 3178 852 3216 et
887 3173 1038 3215 arduis
1071 3173 1236 3215 nostris
1270 3173 1554 3216 documentis
1588 3174 1646 3216 ad
1677 3174 1862 3217 Sacram
