2209 3643
235 219 369 254 Martii
393 214 502 268 1528]
997 220 1070 254 No.
1096 231 1165 254 122
1858 224 1928 266 165

384 349 636 398 Caeterum,
668 353 803 404 prout
833 362 887 390 ex
917 349 1078 392 litteris
1119 350 1317 392 eiusdem
1360 350 1417 392 ad
1459 350 1733 393 Cibinienses
1762 351 1931 393 missisl

236 420 539 474 intelligimus,
575 419 713 474 aliqui
757 420 956 461 malivoli
994 421 1164 475 aliquid
1202 421 1391 463 adverso
1430 422 1582 464 animo
1618 423 1708 464 V¹²¹⁰
1744 422 1927 478 Specta-

234 491 313 533 bili
356 496 401 533 et
444 491 708 546 Magnificae
752 491 1063 534 Dominationi
1106 493 1417 542 seminassent,
1463 493 1616 535 credat
1660 493 1833 544 eadem,
1885 498 1930 536 et

234 576 280 604 re
330 575 438 604 vera
492 575 518 603 a
567 562 697 604 nobis
745 562 979 617 percipiat,
1031 563 1153 618 quod
1203 565 1480 619 praelibatus
1531 564 1741 606 dominus
1779 569 1933 607 noster

201 633 598 688 5gratiosissimus,
648 633 963 675 Serenissimus
1012 634 1179 676 scilicet
1231 635 1440 677 dominus
1490 636 1803 678 Ferdinandus
1851 650 1930 678 rex

235 704 462 759 primum:
500 718 526 745 a
558 709 659 745 toto
692 717 827 758 regno
861 705 1106 746 themiac
1140 706 1183 746 in
1217 707 1375 748 eodem
1409 711 1581 748 asserto
1613 720 1750 762 regno
1783 712 1850 749 est
1885 707 1931 748 in

234 789 383 830 regern
407 776 576 816 electus
599 779 644 816 et
669 780 912 817 coronatus
935 790 942 825 ;
969 776 1023 817 de
1047 777 1150 818 hinc
1175 778 1457 832 Hungariam
1483 778 1680 827 veniens,
1707 778 1765 819 ab
1789 778 1931 820 omni-

234 846 320 888 bus
348 846 622 901 proceribus,
655 847 945 901 magnatibus
974 847 1323 903 baronibusque,
1356 849 1549 890 dominis
1580 849 1748 891 scilicet
1778 863 1931 890 saecu-

235 917 404 959 laribus
440 921 484 959 et
522 917 620 958 aliis
656 917 850 959 dominis
885 918 1209 973 spiritualibus
1247 920 1467 975 episcopis
1503 924 1547 961 et
1585 919 1932 975 archiepiscopis

182 1002 288 1030 ioac
316 988 616 1030 communiter
643 988 701 1030 ab
730 989 940 1031 universo
979 1004 1116 1044 regno
1157 991 1430 1045 Hungariae,
1461 1005 1488 1032 a
1515 991 1673 1032 maiori
1702 1005 1843 1046 usque
1873 991 1932 1032 ad

234 1059 488 1109 minimum,
529 1063 574 1100 et
614 1060 753 1101 etiam
793 1074 819 1102 a
857 1060 1090 1115 regnicolis
1128 1075 1366 1116 regnorum
1403 1061 1682 1111 Sclavoniae,
1724 1062 1932 1104 Croatiae

236 1136 281 1173 et
315 1131 692 1180 Transsilvaniae,
728 1132 852 1173 nullo
886 1131 1099 1173 obstante
1133 1132 1269 1174 libere
1303 1137 1370 1174 est
1405 1133 1450 1174 in
1484 1147 1632 1187 regem
1667 1133 1849 1182 electus,
1886 1138 1931 1175 et

237 1201 496 1243 diademate
531 1215 658 1244 sacro
693 1202 830 1257 regali
866 1207 1121 1245 coronatus.
1162 1204 1334 1245 Idcirco
1369 1204 1754 1258 quemadmodum
1791 1204 1930 1246 etiam

237 1286 292 1314 ex
322 1272 485 1314 litteris
513 1273 604 1315 Vrae
630 1273 898 1328 Spectabilis
939 1278 984 1315 et
1026 1274 1290 1329 Magnificae
1325 1275 1685 1329 [Dominationis]
1720 1275 1931 1329 intelligi-

181 1359 215 1385 15
234 1357 349 1392 mus,
389 1343 512 1398 quod
549 1344 688 1399 aliqui
726 1345 926 1386 malivoli
975 1345 1120 1386 eidem
1164 1346 1254 1387 Vrae
1301 1345 1545 1400 Spectabili
1582 1350 1626 1387 et
1664 1346 1931 1400 Magnificae

235 1414 550 1456 Dominationi
577 1415 889 1465 seminassent,
920 1420 970 1457 ut
1000 1416 1210 1458 dominus
1237 1422 1390 1458 noster
1416 1417 1780 1471 gratiosissimus,
1808 1417 1931 1459 Sere-

234 1485 445 1527 nissimus
462 1486 629 1528 scilicet
648 1486 858 1528 dominus
877 1487 913 1527 F
915 1487 1189 1529 erdinandus
1206 1501 1284 1529 rex
1302 1502 1452 1530 coram
1469 1492 1706 1543 praetacto
1719 1489 1932 1543 Johanne

234 1556 488 1611 Zapoliensi
518 1557 652 1599 Euda
683 1557 911 1607 exivisset,
944 1563 989 1600 et
1021 1558 1186 1600 iterato
1217 1559 1365 1601 dictus
1392 1559 1625 1613 Johannes
1654 1559 1932 1615 Zapoliensis

236 1627 395 1669 Budae
428 1640 511 1669 sua
543 1628 647 1670 sede
681 1629 905 1671 frueretur
937 1634 982 1671 et
1016 1630 1254 1685 potiretur,
1289 1630 1392 1671 huic
1426 1630 1488 1671 rei
1521 1635 1565 1672 et
1601 1630 1746 1672 inanis
1780 1631 1930 1672 famae

183 1714 220 1740 20
236 1698 394 1740 eadem
420 1700 491 1740 Vra
519 1699 787 1754 Spectabilis
817 1704 862 1741 et
894 1700 1133 1755 Magnifica
1162 1700 1426 1742 Dominatio
1457 1701 1593 1743 fidem
1623 1715 1678 1742 ne
1698 1702 1928 1750 adhibeat,

237 1769 345 1824 quia
379 1770 602 1812 exercitus
637 1770 808 1812 domini
842 1771 985 1812 nostri
1022 1772 1348 1826 gratiosissimi,
1382 1765 1498 1813 Sermi
1542 1772 1709 1814 scilicet
1758 1772 1930 1814 domini

237 1840 525 1891 Ferdinandi,
569 1841 684 1896 regis
727 1842 987 1896 Hungariae
1030 1848 1074 1884 et
1119 1847 1309 1892 caetera,
1355 1843 1415 1884 ab
1458 1843 1533 1884 illo
1574 1848 1792 1898 tempore,
1837 1857 1930 1898 quo

237 1912 519 1966 Hungariam
575 1913 764 1955 intravit
820 1918 864 1955 et
926 1927 1028 1954 cum
1080 1918 1374 1968 praenarrato
1413 1914 1624 1967 Johanne
1675 1914 1931 1969 Zapoliensi

237 1982 418 2024 alterari
467 1983 787 2038 adversarique
837 1984 998 2038 coepit,
1050 1998 1104 2026 ne
1159 1985 1394 2026 minimam
1450 1985 1634 2039 quidem
1690 1986 1927 2034 iacturam,

181 2068 220 2095 25
236 2058 316 2095 aut
366 2053 520 2109 aliqua
567 2054 854 2097 incommoda
909 2056 1104 2110 suscepit
1160 2060 1205 2097 et
1250 2069 1409 2110 passus
1454 2060 1536 2105 est,
1582 2070 1702 2098 nunc
1748 2069 1930 2111 quoque

236 2129 419 2166 tantum
458 2126 705 2168 exercitum
745 2131 1015 2180 tantamque
1053 2131 1234 2181 gentem
1271 2126 1328 2168 ad
1367 2127 1727 2181 persequendum
1755 2127 1929 2168 dictum

233 2195 491 2249 Johannem
519 2197 786 2246 transmisit,
828 2202 879 2238 ut
926 2198 1065 2238 etiam
1105 2198 1293 2238 minima
1337 2210 1440 2252 pars
1486 2198 1544 2239 ad
1590 2198 1737 2253 ipsum
1784 2202 1929 2240 exter—

237 2266 505 2308 minandum
545 2268 783 2310 sufficeret.
827 2268 975 2323 Quare
1015 2282 1224 2323 rogamus
1268 2268 1458 2310 eandem
1490 2269 1591 2310 V¹³¹¹¹
1626 2269 1929 2324 Spectabilem

237 2341 282 2378 et
333 2337 622 2392 Magnificam
686 2339 1069 2388 Dominationem,
1135 2344 1357 2394 tanquam
1416 2339 1602 2381 fratrem
1664 2345 1709 2381 et
1758 2340 1929 2381 bonum

183 2422 219 2448 30
236 2412 443 2450 nostrum
475 2409 689 2459 vicinum,
734 2414 785 2451 ut
816 2410 1072 2451 rumoribus
1113 2414 1210 2451 tam
1253 2410 1412 2459 inanis,
1456 2411 1621 2452 vilibus
1664 2416 1709 2452 et
1757 2411 1928 2452 frivolis

236 2492 292 2520 ne
347 2479 619 2534 acquiescat,
677 2486 757 2522 aut
813 2481 1013 2535 aliquam
1067 2481 1283 2535 praebeat
1326 2481 1477 2531 fidem,
1534 2495 1640 2522 nam
1695 2482 1930 2536 praefatus

233 2549 468 2603 Johannes
497 2551 773 2606 Zapoliensis
804 2565 936 2593 omne
966 2565 1098 2593 suum
1129 2552 1361 2606 negotium
1392 2564 1567 2607 semper
1596 2553 1765 2594 talibus
1795 2553 1929 2594 rebus

237 2624 282 2661 et
316 2620 462 2662 inanis
495 2623 751 2664 rumoribus
785 2623 844 2664 ad
877 2623 1050 2664 exitum
1085 2622 1246 2664 ducere
1279 2627 1346 2664 est
1380 2627 1564 2664 asuetus
1597 2628 1641 2664 et
1677 2623 1926 2665 consuevit.

241 2690 349 2732 Ideo
382 2696 507 2734 certo
539 2693 692 2735 credat
726 2694 798 2734 Vra
828 2693 1097 2748 Spectabilis
1142 2697 1187 2734 et
1220 2693 1462 2748 Magnifica
1493 2694 1770 2743 Dominatio,
1805 2694 1929 2748 quod

183 2776 222 2802 35
237 2761 282 2802 in
312 2762 440 2804 brevi
469 2768 567 2805 tam
597 2768 815 2819 potestas,
848 2778 986 2819 quam
1017 2763 1156 2804 etiam
1186 2777 1350 2805 nomen
1382 2765 1521 2819 ipsius
1551 2764 1930 2806 exterminabitur

237 2836 282 2873 et
322 2833 590 2884 abolebitur,
631 2839 676 2876 et
715 2848 805 2876 non
845 2835 967 2889 quod
996 2835 1243 2876 Turcorum
1273 2835 1473 2877 subsidio
1512 2835 1812 2890 opitularetur
1850 2849 1927 2877 seu

237 2903 564 2955 sublevaretur,
584 2905 662 2947 sed
679 2906 818 2947 etiam
836 2906 1005 2947 Turcas
1023 2910 1183 2947 caveat
1202 2905 1257 2946 de
1275 2919 1356 2947 suo
1373 2906 1631 2961 principatu
1649 2911 1693 2948 et
1713 2906 1927 2955 dominio,

235 2986 327 3014 non
348 2975 471 3029 quod
491 2975 589 3030 ipso
610 2976 772 3030 aliquis
792 2976 1029 3018 minitetur
1049 2980 1129 3017 aut
1150 2975 1396 3026 territetur,
1418 2990 1525 3017 nam
1547 2976 1756 3018 dominus
1776 2981 1930 3018 noster

236 3044 600 3097 gratiosissimus
634 3046 950 3088 Serenissimus
986 3046 1154 3088 scilicet
1190 3046 1400 3088 dominus
1435 3047 1747 3089 Ferdinandus
1781 3048 1927 3089 Turco

182 3210 218 3235 40
374 3199 386 3219 ¹
407 3199 490 3233 Sub
511 3201 608 3234 dato
630 3211 689 3244 24.
714 3200 919 3234 Februarii
944 3201 1039 3244 1528
1063 3203 1102 3234 et
1123 3200 1198 3234 No.
1226 3211 1308 3235 120.
