2209 3643
194 216 228 250 5.
252 204 365 239 Febr.
392 198 501 253 1529]
959 203 1033 238 No.
1059 204 1128 248 138
1819 207 1885 240 181

993 356 1091 398 138.

697 466 872 515 Brasso',
908 479 947 520 5.
989 467 1221 509 Februarii
1258 479 1383 523 1529.

395 556 577 595 Senatus
600 556 788 595 civitatis
812 558 965 596 Brasso
989 559 1155 597 senatui
1180 559 1367 597 civitatis
1392 560 1682 611 Nagyszeben.

340 656 407 697 De
428 656 671 705 invasione,
695 657 943 698 crudelitate
965 663 1002 698 et
1024 659 1260 700 vastatione
1279 659 1401 700 Petri
1417 659 1622 701 vaivodae
1636 660 1691 701 M
1695 660 1891 701 oldaviae

165 726 245 778 δίη
280 727 618 781 Τναη3)’ἶυαηιά.
651 727 763 769 Cum
809 728 1023 779 infidelem
1066 743 1110 770 se
1152 730 1365 784 praebeat,
1410 730 1638 772 Cibim'um
1670 731 1726 772 ad
1757 736 1890 773 atten-

195 798 356 839 tionem
389 803 691 840 commonetur.

340 905 646 947 prudentibus
700 910 744 947 et
799 906 1134 961 circumspectis
1188 907 1381 949 dominis
1434 908 1652 962 magistro
1706 908 1887 958 civium,

195 975 418 1017 iudicibus
447 976 724 1031 caeterisque
753 977 911 1018 iuratis
939 978 1139 1019 civitatis
1169 978 1446 1028 Cibiniensis,
1477 979 1632 1020 amicis
1661 993 1712 1020 ac
1742 979 1890 1020 fratri-

194 1047 279 1088 bus
306 1048 471 1089 nostris
498 1047 628 1089 nobis
655 1062 757 1089 cum
785 1048 953 1089 honore
980 1049 1316 1103 prosequendis.

142 1131 178 1156 ιο
340 1118 592 1160 Prudentes
620 1123 664 1160 et
694 1119 1007 1174 circumspecti
1035 1120 1205 1161 domini
1233 1120 1456 1175 amicique
1483 1125 1528 1162 et
1558 1121 1719 1162 fratres
1747 1121 1890 1162 nostri

195 1188 587 1231 honorandissimi.
627 1190 829 1232 Salutem
870 1196 913 1232 et
955 1204 1135 1232 omnem
1160 1191 1361 1233 favorem
1389 1205 1492 1232 cum
1531 1205 1664 1233 verae
1703 1197 1890 1234 mutuae

195 1260 422 1302 amicitiae
470 1261 875 1303 commendatione.
927 1262 1146 1316 Quamvis
1194 1263 1387 1304 antehac
1434 1263 1718 1318 eruptionem
1768 1263 1890 1304 Petri

195 1331 367 1373 waidae
395 1332 715 1374 Moldaviensis
741 1332 786 1373 in
808 1337 899 1374 tres
925 1333 1052 1374 sedes
1076 1332 1326 1375 Siculorum
1351 1347 1402 1375 ac
1422 1334 1666 1375 earundem
1687 1334 1889 1376 saevissi—

195 1416 318 1443 mam
346 1403 629 1445 exustionem
658 1403 1058 1446 Dominationibus
1084 1398 1161 1446 V¹³⁵
1187 1404 1533 1459 portaverimus,
1575 1419 1694 1446 nunc
1734 1410 1890 1447 tamen

142 1488 177 1514 15
196 1487 298 1515 cum
323 1473 377 1514 de
401 1473 473 1515 die
496 1474 541 1515 in
564 1475 682 1516 diem
707 1474 751 1515 id
775 1475 882 1516 mali
904 1475 1021 1516 vires
1044 1480 1195 1517 sumat
1219 1475 1453 1530 omnisque
1476 1476 1709 1518 districtus
1731 1490 1889 1518 earun-

196 1545 299 1586 dem
333 1544 471 1586 trium
506 1545 680 1587 sedium
714 1545 825 1586 nihil
858 1550 1177 1600 praeterquam
1211 1546 1356 1588 fumet
1390 1547 1599 1588 omnibus
1633 1547 1678 1589 in
1712 1547 1890 1589 favillas

195 1615 404 1666 redactis,
445 1630 638 1671 cumque
675 1616 879 1658 homines
916 1621 1094 1658 nostros
1131 1617 1176 1658 in
1214 1618 1357 1667 Uzon,
1396 1618 1721 1673 possessionem
1760 1619 1890 1660 Pauli

195 1686 325 1728 Beldi
351 1687 410 1729 ad
432 1687 571 1729 Suam
597 1688 980 1742 Magnificentiam
1006 1702 1088 1743 pro
1107 1688 1385 1743 exploranda
1410 1689 1635 1731 adventus
1660 1689 1728 1731 sui
1754 1703 1890 1732 causa

194 1758 460 1808 miserimus,
488 1758 534 1800 id
559 1759 649 1800 Vrae
675 1759 1018 1800 Dominationes
1051 1764 1233 1814 portare
1268 1772 1520 1814 possumus,
1560 1760 1753 1801 eundem
1780 1761 1889 1802 vali-

142 1843 176 1869 20
196 1829 381 1871 dissimo
408 1829 755 1884 firmissimoque
783 1843 876 1871 esse
905 1830 1105 1872 exercitu
1137 1830 1228 1884 (eis,
1259 1843 1372 1885 quos
1400 1831 1445 1872 in
1474 1831 1587 1873 Chik
1614 1836 1659 1872 et
1688 1831 1889 1887 Gyirgyo

196 1901 296 1956 igne
333 1900 623 1942 absumendis
659 1901 834 1949 habuit,
872 1901 966 1942 heri
1002 1901 1086 1942 sibi
1122 1901 1276 1955 unitis)
1316 1902 1468 1943 omnia
1502 1902 1655 1943 hostili
1691 1903 1807 1944 ferro
1842 1908 1887 1945 et

195 1972 296 2027 igne
343 1972 625 2021 absumente,
674 1972 791 2013 villis
838 1971 1047 2013 omnibus
1097 1972 1236 2026 (nulla
1281 1974 1485 2027 excepta)
1537 1973 1888 2028 circumquaque

196 2042 474 2093 ardentibus,
500 2042 636 2097 idque
659 2043 824 2084 habere
848 2043 892 2083 in
917 2043 1082 2092 animo,
1108 2047 1159 2084 ut
1183 2056 1258 2084 eos
1281 2057 1436 2085 omnes
1459 2044 1670 2099 extirpet,
1696 2045 1773 2099 qui
1797 2045 1888 2087 suis

196 2114 454 2156 hominibus
495 2114 554 2155 ad
594 2127 676 2155 nos
715 2119 966 2155 mercatum
1008 2114 1294 2155 venientibus
1335 2114 1503 2155 damna
1543 2114 1794 2157 intulerunt
1836 2130 1887 2158 ac

143 2198 179 2224 ‘25
196 2185 335 2227 etiam
368 2185 609 2227 nonnullos
642 2184 777 2226 morti
812 2185 1112 2233 tradiderunt,
1148 2184 1232 2226 nisi
1266 2197 1312 2226 se
1345 2185 1465 2240 ipsos
1499 2185 1583 2227 sibi
1617 2186 1886 2229 subiicerent

195 2256 389 2310 gratiam
418 2256 707 2311 impetrando
739 2256 823 2296 illis
863 2269 944 2297 nec
971 2256 1016 2296 in
1044 2269 1241 2310 corpore,
1270 2269 1351 2297 nec
1378 2256 1423 2296 in
1450 2256 1581 2297 bonis
1607 2257 1722 2298 foret
1750 2271 1886 2300 nocu-

195 2332 351 2369 mento
388 2327 582 2369 futurus.
621 2327 683 2368 At
721 2327 901 2368 interim
938 2331 1165 2381 quotquot
1204 2325 1262 2367 ad
1297 2326 1433 2368 fidem
1470 2332 1515 2368 et
1552 2328 1887 2370 humanitatem

194 2402 431 2448 venerunt,
456 2412 611 2440 omnes
633 2397 769 2439 morti
791 2397 995 2447 tradidit,
1019 2397 1130 2439 nulli
1151 2397 1390 2452 parcendo.
1416 2397 1535 2452 Quin
1558 2398 1668 2439 feria
1690 2400 1886 2441 secunda

194 2469 398 2524 proxime
422 2469 576 2524 elapsa
600 2469 755 2510 decem
781 2473 825 2510 et
851 2473 955 2510 octo
980 2468 1038 2509 ad
1062 2468 1197 2509 fidem
1222 2473 1423 2517 vocatos,
1450 2482 1606 2510 omnes
1630 2469 1887 2525 decapitare

144 2552 178 2578 30
195 2540 315 2581 fecit.
355 2540 497 2581 Nobis
533 2545 702 2589 autem,
740 2540 818 2594 qui
854 2539 1047 2580 eundem
1084 2539 1333 2580 habeamus
1368 2553 1517 2593 regem
1554 2544 1598 2581 et
1636 2540 1886 2591 dominum,

195 2624 334 2665 quarn
357 2615 402 2652 et
433 2610 525 2652 Sua
550 2610 902 2665 Magnificentia,
926 2615 1040 2665 puta
1071 2609 1225 2651 Sermum
1246 2609 1496 2664 principem
1532 2611 1884 2661 Ferdinandum,

195 2681 450 2723 timendum
475 2695 566 2723 non
593 2695 699 2723 esse.
726 2681 781 2723 Se
807 2681 926 2722 enim
953 2681 1128 2722 venisse
1153 2680 1215 2721 eis
1241 2681 1564 2722 tantummodo
1589 2682 1885 2737 extirpandiS,

195 2752 274 2807 qui
306 2765 351 2793 se
382 2765 464 2794 nec
495 2766 658 2807 regem,
691 2765 773 2794 nec
804 2751 997 2793 waidam
1029 2751 1195 2792 habere
1227 2751 1460 2800 dixissent,
1494 2751 1662 2806 quique
1692 2767 1773 2807 pro
1805 2766 1887 2794 suo

195 2823 343 2872 libitu,
379 2836 460 2865 nec
495 2823 593 2872 Dei,
629 2837 711 2864 nec
746 2822 946 2864 iustitiae
980 2826 1187 2876 respectu
1220 2821 1380 2863 habito
1414 2822 1566 2863 omnia
1600 2823 1887 2865 licentissime

143 2904 179 2931 35
195 2898 467 2949 patrassent.
496 2894 734 2948 Quomodo
760 2898 914 2935 autem
940 2892 979 2934 ei
1004 2892 1140 2933 fidere
1164 2905 1417 2947 possumus
1444 2893 1522 2947 qui
1546 2893 1682 2934 fidem
1708 2908 1886 2936 servare

196 2964 414 3019 negliget?
460 2965 685 3019 Urgemur
712 2977 816 3018 ergo
858 2964 1149 3006 vehementer
1190 2963 1339 3004 vicino
1380 2963 1501 3004 malo
1542 2969 1798 3006 metuentes
1840 2965 1886 3006 id

197 3034 345 3089 ipsum
367 3034 427 3076 ad
447 3048 529 3077 nos
551 3048 731 3090 quoque
754 3035 1069 3076 deventurum.
1094 3033 1317 3075 Audimus
1338 3033 1519 3088 insuper
1540 3034 1708 3076 Turcas
1730 3036 1885 3077 Danu-

196 3104 322 3146 bium
356 3105 575 3154 traiicere,
610 3119 781 3147 novum
815 3104 1009 3146 waidam
1044 3104 1089 3145 in
1123 3108 1276 3158 partes
1309 3104 1630 3159 Transalpinas
1676 3106 1885 3148 inducere

197 3174 243 3215 in
268 3175 419 3216 animo
441 3176 674 3217 habentes.
702 3175 818 3230 Quia
841 3188 887 3216 se
911 3188 980 3216 res
1003 3175 1069 3216 ita
1092 3175 1244 3225 habet,
1270 3188 1361 3216 non
1384 3189 1547 3230 parum
1570 3177 1700 3218 nobis
1723 3177 1884 3219 timen-

1910 1922 1940 1949 4.
1966 1911 2055 1943 Febr.

1912 2426 1938 2446 1.
1962 2416 2052 2447 Febr.
