2209 3643
170 203 203 236 5.
223 187 336 238 Junii
371 184 481 240 1514]
940 190 1014 224 No.
1037 189 1082 232 83
1793 192 1863 228 107

171 323 350 372 nostris,
380 322 637 378 quicunque
665 320 797 376 primi
826 320 967 362 futuri
995 319 1112 363 inter
1139 332 1220 360 vos
1247 322 1367 367 sunt,
1397 330 1478 373 pro
1505 315 1636 358 vobis
1662 315 1867 370 excipere

172 394 366 449 possitis.
400 394 453 435 In
481 393 551 435 his
579 396 732 434 autem
762 391 964 447 pecuniis
992 395 1037 432 et
1065 390 1199 432 rebus
1227 387 1518 444 expediendis
1546 387 1717 428 nullam
1747 386 1866 428 diffi-

173 465 390 506 cultatem
443 464 706 518 nullamque
758 462 1050 504 renitentiam
1103 460 1295 509 faciatis,
1349 473 1405 501 ne
1457 457 1676 514 profectio
1727 456 1869 512 ipsius

173 535 402 591 Thelegdy
427 535 499 577 vel
524 534 791 589 negligatur,
818 534 889 575 vel
915 532 1184 574 retardetur.
1214 532 1369 573 Posset
1396 530 1515 572 enim
1541 544 1596 571 ex
1621 529 1706 570 hoc
1730 541 1868 583 grave

143 607 438 648 oscandalum
483 610 622 660 atque
666 604 804 646 etiam
850 605 1005 659 ingens
1049 602 1297 658 periculum
1342 601 1534 649 evenire,
1581 599 1704 654 quod
1747 602 1869 641 certe

174 677 299 726 nulli,
335 677 420 718 nisi
454 676 584 719 vobis
618 689 850 731 possemus
886 675 1123 730 imputare.
1159 673 1333 715 Scimus
1366 673 1480 714 bene
1515 684 1596 713 vos
1629 670 1740 712 satis
1774 683 1869 711 esse

175 748 435 797 exhaustos,
479 747 557 789 sed
599 747 743 789 facere
786 746 908 788 aliud
950 759 1041 787 non
1083 757 1337 800 possumus,
1382 743 1491 798 quin
1533 741 1869 797 expeditionem

174 818 307 861 huius
330 818 392 860 rei
416 818 546 860 vobis
570 818 924 860 committamus.
953 817 1055 858 Non
1079 816 1162 857 erit
1187 819 1341 857 autem
1366 827 1479 869 opus
1502 814 1619 855 hanc
1642 825 1869 854 summam

176 890 230 932 de
258 889 408 931 medio
435 888 778 931 communitatis
805 902 886 944 pro
914 901 1033 929 nunc
1062 886 1250 942 exigere,
1280 884 1488 941 poteritis
1515 884 1638 932 illam
1666 897 1746 938 per
1772 896 1868 931 vos,

122 960 253 1016 ioqui
287 960 552 1002 civitatibus
597 965 641 1002 et
692 959 875 1001 sedibus
908 958 1139 1014 praeestis,
1175 957 1410 1012 disponere
1443 960 1488 997 et
1522 955 1709 997 tandem
1742 952 1873 995 vobis

175 1031 283 1087 ipsis
313 1032 368 1073 de
398 1031 696 1087 proventibus
726 1030 892 1072 nostris
921 1029 1210 1078 satisfacere;
1243 1027 1461 1082 quoniam
1492 1030 1646 1068 autem
1677 1038 1760 1074 res,
1792 1037 1873 1079 pro

176 1116 267 1158 qua
299 1102 393 1158 ipse
425 1102 657 1157 Thelegdy
689 1101 904 1150 mittitur,
939 1105 1006 1142 est
1040 1099 1193 1154 magni
1225 1098 1449 1154 ponderis,
1484 1109 1750 1151 moramque
1782 1108 1872 1136 non

176 1173 365 1229 patitur,
391 1187 545 1215 rursus
570 1173 701 1215 vobis
726 1172 1013 1219 mandamus,
1039 1175 1091 1213 ut
1117 1183 1244 1212 secus
1268 1169 1313 1211 in
1338 1168 1595 1224 praemissis
1619 1167 1703 1209 sub
1728 1179 1875 1222 poena

177 1244 468 1300 gravissimae
483 1243 806 1299 indignationis
823 1247 1004 1285 nostrae
1022 1242 1167 1283 facere
1185 1254 1275 1282 non
1306 1238 1606 1296 praesumatis
1627 1252 1636 1288 ;
1667 1250 1874 1293 praesen—

124 1329 160 1355 15
178 1320 247 1358 tes
280 1320 436 1357 autem
470 1315 709 1370 superinde
745 1314 953 1369 poteritis
987 1313 1032 1353 in
1067 1312 1324 1354 cautionem
1359 1315 1559 1352 vestram
1594 1321 1871 1351 conservare.

295 1387 468 1428 Datum
529 1385 700 1434 Budae,
761 1385 805 1426 in
858 1385 975 1426 festo
1028 1384 1198 1425 Beatae
1252 1382 1445 1438 Sophiae
1503 1380 1681 1423 viduae.
1741 1379 1875 1420 Anno

179 1456 363 1499 Domini
403 1456 662 1499 Millessimo
697 1455 1058 1510 quingentesimo
1093 1458 1257 1508 quarto
1291 1452 1480 1494 decimo.

323 1527 392 1569 W.
430 1528 541 1568 Rex.

322 1618 487 1657 Titulus
500 1631 514 1657 .·
542 1617 826 1656 Prudentibus
852 1621 892 1655 et
915 1615 1226 1667 circumspectis
1248 1614 1458 1665 magistris
1477 1613 1647 1659 civium,
1668 1611 1879 1651 iudicibus

125 1685 160 1710 20
178 1678 327 1717 iuratis
376 1682 506 1729 atque
554 1677 808 1722 consulibus,
848 1675 1106 1726 caeterisque
1142 1674 1377 1725 potioribus
1414 1677 1575 1724 septem
1613 1676 1655 1710 et
1694 1671 1875 1710 duarum

179 1737 342 1776 sedium
386 1736 712 1782 Saxonicalium,
761 1748 923 1774 necnon
963 1734 1188 1773 civitatum
1235 1732 1528 1778 Bistriciensis,
1566 1729 1877 1770 Brassoviensis

180 1809 228 1836 ac
258 1800 394 1835 terrae
424 1796 597 1842 Barcza,
627 1795 877 1840 Saxonibus,
909 1793 1106 1832 fidelibus
1136 1792 1257 1831 nobis
1288 1791 1462 1830 dilectis.

250 1893 386 1939 (Copia
399 1904 558 1928 coaeva.
576 1892 795 1927 Archivum
816 1902 917 1926 com.
935 1890 1325 1930 Beszterczenaszod,
1344 1890 1585 1924 Besztercze.
1603 1888 1678 1921 No.
1700 1886 1800 1932 583.)

988 2043 1058 2084 83.

128 2171 166 2196 25
645 2156 1039 2203 Kolozsmonostor‚
1063 2164 1102 2206 5.
1128 2152 1161 2206 J
1164 2151 1265 2193 unii
1287 2162 1416 2205 1514.

248 2248 492 2288 Conventus
523 2246 720 2286 ecclesiae
740 2246 791 2284 de
822 2244 1196 2283 Kolozsmonostor
1228 2240 1373 2280 comiti
1401 2240 1559 2291 Joanni
1589 2238 1823 2291 Szapolyai.

326 2347 494 2388 Relatio
519 2346 569 2387 de
595 2360 654 2395 eo,
682 2345 793 2400 quod
830 2357 928 2385 cum
965 2343 1091 2384 iussu
1129 2341 1222 2382 eius
1248 2340 1281 2393 J
1284 2353 1468 2381 oannem
1512 2338 1688 2390 Dezso'fz'
1725 2338 1882 2379 iterum

186 2418 238 2460 in
261 2418 370 2460 bona
393 2431 474 2459 sua
497 2416 808 2470 Szentmargita
830 2415 1050 2469 ‘imponere
1071 2412 1319 2460 voluissent,
1344 2411 1392 2452 in
1415 2410 1490 2452 lzoc
1511 2424 1538 2451 a
1557 2409 1715 2458 Paulo,
1739 2408 1883 2464 provi-

187 2503 282 2531 sore
309 2489 488 2544 Bogdan
513 2488 717 2530 vaivodae
741 2487 797 2528 M
800 2485 994 2527 oldaviae
1018 2483 1061 2525 vi
1086 2482 1287 2538 impediti
1311 2482 1412 2523 sint.

138 2607 173 2632 30
331 2594 577 2650 Spectabili
601 2598 646 2636 et
677 2592 918 2647 Magnifico
948 2589 1133 2632 domino
1160 2588 1362 2643 Johanni
1393 2587 1448 2629 de
1479 2586 1696 2641 Zapolya,
1729 2585 1887 2627 comiti

191 2670 411 2721 perpetuo
447 2669 594 2707 terrae
628 2662 934 2719 Scepusiensis
971 2666 1015 2702 et
1052 2660 1305 2702 Siculorum
1343 2658 1514 2707 comiti,
1544 2657 1692 2698 amico
1728 2670 1883 2698 eorum

191 2736 470 2778 honorando.
515 2736 777 2778 Conventus
826 2731 1090 2774 monasterii
1140 2730 1312 2771 Beatae
1362 2728 1531 2770 Mariae
1581 2727 1777 2781 Virginis
1827 2726 1884 2768 de

194 2808 570 2849 Colosmonostra.
608 2805 870 2847 Amicitiam
905 2807 1115 2858 paratam
1153 2814 1256 2842 cum
1291 2800 1473 2841 honore.
1511 2799 1674 2839 Vestra
1707 2797 1885 2839 noverit

193 2877 542 2932 Magnificentia‚
589 2876 712 2931 quod
768 2889 871 2917 cum
921 2887 1003 2914 nos
1046 2871 1238 2926 receptis
1283 2870 1443 2912 debita
1487 2883 1590 2911 cum
1634 2868 1888 2910 reverentia

142 2960 178 2986 35
194 2948 356 2990 litteris
412 2949 505 2989 Vrae
563 2945 928 3002 Magnificentiae
985 2941 1325 2984 adiudicatoriis
1370 2940 1557 2982 modum
1603 2943 1647 2981 et
1694 2939 1886 2980 formam

196 3019 431 3060 cuiusdam
475 3018 666 3060 iteratae
707 3014 1083 3072 possessionariae
1125 3011 1442 3066 exequutionis
1485 3015 1529 3052 et
1572 3023 1749 3051 marcae
1792 3009 1890 3050 auri

196 3089 445 3139 solutionis,
479 3088 805 3130 denotantibus
835 3099 917 3141 pro
947 3088 1077 3139 parte
1109 3082 1287 3137 Egregii
1314 3081 1551 3136 Johannis,
1584 3081 1663 3122 filii
1694 3080 1888 3122 condam

199 3159 428 3201 Michaelis
455 3158 680 3214 Desewffy
706 3158 761 3199 de
789 3156 986 3211 Chych0‚
1016 3158 1174 3196 contra
1197 3152 1500 3208 Spectabilem
1527 3156 1571 3193 et
1599 3151 1888 3205 Magnificum
