2209 3643
222 196 245 228 9
282 186 382 232 Aug.
409 181 518 235 1528]
924 185 999 220 No.
1025 195 1222 230 132——133
1849 195 1918 231 173

1024 385 1122 426 132.

770 507 915 556 Bada,
949 520 987 561 9.
1022 508 1214 563 Augusti
1244 509 1370 561 1528.

291 598 475 636 Thomas
493 597 711 636 Szalahazi
733 597 956 650 episcopus
977 598 1189 649 Agriensis
1211 599 1479 638 Ferdinando
1502 599 1534 638 Ι.
1559 599 1643 650 regi
1659 599 1915 650 Hungariae.

363 710 584 752 Nuntiata
613 715 828 752 oratorum
858 711 1061 752 vaivodae
1095 712 1342 754 Valaclziae.

188 845 206 870 5
366 829 547 871 Adsunt
572 833 773 871 oratores
796 829 1096 884 Transalpini,
1123 830 1201 884 qui
1224 834 1392 884 negant
1418 830 1747 872 Habardanecz
1771 830 1919 871 adhuc

222 901 293 942 vel
315 900 523 942 auditum
549 900 621 942 vel
646 900 921 949 absolutum,
948 900 1158 955 quamvis
1173 901 1615 955 magnificentissime
1636 906 1852 956 exceptus
1873 905 1918 942 et

221 975 448 1013 tractatus
481 971 568 1013 sit.
594 1006 633 1013 ..
669 971 868 1013 vaivoda
900 971 1224 1026 Transalpinus
1258 973 1450 1013 alterum
1480 972 1672 1026 Joannis
1704 972 1919 1014 nuntium

221 1042 473 1098 intercepit.

222 1148 402 1193 (Gevayz
433 1149 655 1183 Urkunden
684 1149 765 1182 und
793 1149 1067 1182 Actenstijcke
1095 1149 1188 1182 fasc.
1218 1151 1253 1183 6.
1283 1169 1338 1174 —
1356 1149 1480 1189 Vx'ien,
1508 1149 1615 1193 1840.
1638 1169 1692 1174 —
1718 1160 1807 1195 pag.
1837 1149 1915 1194 45.)

164 1341 200 1367 10
1024 1312 1121 1355 133.

725 1422 889 1471 Pmlm,
916 1435 955 1464 Ι.
982 1422 1244 1478 Septembris
1268 1423 1394 1476 1528.

286 1511 578 1551 Ferdinandus
600 1512 632 1550 I.
656 1525 728 1550 rex
751 1512 994 1563 Hungariae
1011 1512 1225 1551 Solimano
1247 1514 1303 1552 ΙΙ.
1326 1514 1571 1565 imperatori
1592 1515 1836 1554 Turcarum.

365 1623 552 1664 Litterae
585 1623 752 1675 fictivae
791 1623 951 1678 (jactae
985 1628 1062 1678 per
1095 1624 1370 1666 adhaerentes
1416 1625 1504 1680 regi
1536 1625 1571 1679 J
1574 1625 1709 1667 oanni
1713 1631 1732 1678 )
1785 1630 1918 1681 super

219 1693 375 1735 tributo
404 1694 572 1736 Turcae
597 1694 811 1749 promisso
849 1708 898 1736 ex
935 1695 1182 1750 Hungczrz'a,
1220 1700 1297 1750 per
1333 1695 1560 1737 vaivodam
1594 1697 1740 1738 Radul
1782 1697 1914 1739 Vala-

164 1778 201 1804 15
219 1764 340 1806 chiae
367 1765 545 1807 sublato.

366 1884 682 1926 Ferdinandus
722 1884 806 1926 Dei
846 1885 993 1939 gratia
1033 1899 1111 1926 rex
1154 1885 1414 1940 Hungariae
1455 1890 1499 1927 et
1541 1886 1788 1928 Bohemiae
1829 1892 1914 1929 etc.

220 1955 370 1996 infans
413 1956 752 2011 Hispaniarum,
798 1956 1015 1997 archidux
1059 1956 1283 2006 Austriae,
1337 1957 1459 1998 Sacri
1504 1957 1699 1999 Romani
1742 1957 1917 2013 imperii

221 2027 487 2081 capitaneus
509 2041 675 2082 magno
698 2026 959 2082 imperatori
979 2027 1228 2081 Sulymano
1250 2028 1444 2069 Zolthan
1467 2028 1714 2070 Tuscorum
1739 2028 1916 2071 Caesari

221 2098 434 2139 maximo.
463 2098 681 2148 Salutem,
713 2098 960 2140 amicitiam
997 2103 1040 2139 et
1077 2098 1194 2139 bone
1229 2099 1490 2154 optimeque
1524 2099 1773 2141 vicinitatis
1809 2114 1916 2155 aug-

167 2181 204 2207 20
219 2173 440 2211 mentum.

365 2239 591 2294 Quoniam
610 2240 760 2282 medio
779 2239 1088 2281 Hobordanch
1106 2240 1248 2281 nostri
1268 2241 1457 2282 oratoris
1477 2241 1631 2282 multis
1650 2241 1695 2283 in
1715 2241 1915 2284 articulis

220 2323 459 2364 regnorum
505 2316 764 2353 nostrorum
811 2311 1113 2352 confiniumve
1158 2311 1353 2366 negotia,
1401 2325 1518 2366 quae
1563 2312 1687 2366 pacis
1733 2313 1916 2355 foedera

219 2381 399 2435 gignere
422 2382 544 2424 soliti
567 2387 687 2432 sunt,
714 2396 817 2424 cum
841 2382 1051 2424 solemnis
1074 2382 1240 2424 nostris
1275 2382 1537 2424 muneribus
1559 2383 1648 2424 Vrae
1686 2384 1915 2438 Imperiali

220 2445 286 2493 Mti
314 2452 690 2502 intimaverimus,
720 2452 830 2508 quid
857 2458 1012 2495 tamen
1039 2453 1201 2494 exhinc
1229 2452 1445 2495 Caesarea
1476 2453 1690 2495 Maiestas
1728 2456 1913 2509 gesserit

166 2535 204 2560 25
220 2522 394 2572 Vestra,
411 2524 548 2565 velut
564 2538 619 2566 ex
643 2524 833 2566 oratoris
853 2524 1125 2578 negligentia
1147 2524 1360 2566 nocivum
1385 2524 1495 2579 quid
1519 2525 1652 2566 rebus
1676 2525 1722 2566 in
1745 2526 1912 2568 nostris

221 2593 459 2648 contigerit
494 2608 585 2636 non
622 2600 829 2650 expertes
864 2608 1049 2644 sumus‚·
1087 2595 1387 2649 intelligentes
1422 2600 1577 2637 tamen
1610 2595 1913 2650 spectabilem

220 2668 265 2705 et
295 2664 585 2719 Magnificum
618 2666 768 2708 Radul
797 2666 1061 2707 waiwodam
1092 2665 1439 2720 Transalpinum
1459 2665 1699 2708 Caesareae
1717 2661 1798 2707 ΜἵΞΞ
1824 2668 1913 2708 Vrae

220 2735 484 2777 servitorem
507 2750 601 2778 esse
622 2736 946 2785 fidelissimum,
970 2736 1181 2778 universa
1202 2736 1384 2790 negotia
1405 2741 1562 2778 nostra
1582 2751 1913 2792 regnorumque

219 2809 478 2847 nostrorum
515 2807 761 2849 difinienda
798 2821 950 2848 coram
987 2807 1059 2848 Vra
1096 2807 1312 2849 Caesarea
1360 2806 1435 2848 Mte
1472 2807 1612 2862 ipsius
1660 2808 1810 2850 medio
1858 2809 1911 2850 iri

167 2887 202 2913 30
221 2874 512 2918 decrevimus.
537 2878 775 2920 Praeterea
793 2878 882 2919 Vrae
920 2878 1160 2920 Caesareae
1179 2871 1248 2918 Mti
1279 2878 1463 2932 singulis
1495 2892 1717 2920 annorum
1744 2879 1912 2921 discur-

220 2945 421 2988 sionibus
469 2948 670 3001 Joannes
721 2948 993 3004 Zapolianus
1045 2948 1100 2990 de
1153 2948 1388 3003 Hungaria
1438 2949 1563 3003 regni
1614 2950 1912 3004 proventibus

222 3016 537 3060 administrare
566 3019 602 3060 si
633 3019 743 3074 quid
773 3019 952 3068 dixerit,
985 3019 1063 3060 ubi
1092 3018 1187 3073 ipse
1217 3023 1353 3068 caret,
1386 3019 1524 3061 etiam
1554 3034 1636 3061 nos
1666 3021 1911 3076 adimplere

222 3090 266 3127 et
298 3089 535 3130 annuatim
566 3083 632 3130 Mti
674 3090 764 3131 Vrae
795 3090 1014 3132 solemnes
1055 3103 1135 3144 per
1176 3094 1376 3132 oratores
1416 3090 1529 3132 ferre
1559 3091 1709 3145 parati
1739 3105 1908 3142 sumus,

222 3157 562 3201 aestimavimus
581 3160 783 3202 animum
810 3161 1050 3203 Caesareae
1076 3153 1156 3201 Mtis
1174 3160 1263 3201 Vrae
1281 3174 1410 3216 posse
1429 3161 1686 3216 adimplere.
1718 3162 1911 3217 Reliqua
