2209 3643
304 175 351 217 76
1070 168 1144 202 No.
1165 170 1212 211 63
1669 163 1718 218 [6.
1750 169 1858 214 Sept.
1895 180 1989 215 1505

297 300 619 355 praesentium,
649 298 812 353 quibus
852 296 1051 351 expedit,
1088 296 1322 338 universis.
1365 296 1481 351 Quia
1520 310 1624 338 cum
1663 310 1992 339 recenseremus

297 370 532 426 privilegia
562 374 606 410 et
638 367 953 422 inscriptiones
983 367 1102 408 inter
1131 381 1255 421 reges
1284 368 1646 422 praedecessores
1675 372 1866 417 nostros,
1898 381 1992 422 reg-

296 454 496 495 numque
524 444 731 480 nostrum
762 438 974 479 Poloniae
1002 442 1047 479 et
1076 438 1297 479 vaivodas
1325 443 1370 480 et
1399 443 1567 480 terram
1595 439 1851 481 Moldaviae
1880 439 1993 480 exis-

296 512 457 559 tentia,
485 510 649 564 quibus
676 509 983 550 mediantibus
1009 508 1093 563 ipsi
1119 509 1342 551 vaivodae
1368 523 1414 551 se
1440 509 1485 550 in
1511 514 1556 551 et
1583 509 1642 550 ad
1667 509 1992 552 subiectionem

296 588 339 623 et
365 581 632 623 fidelitatem
655 594 810 634 regum
833 585 877 622 et
900 580 1025 634 regni
1049 580 1262 622 Poloniae
1285 580 1607 628 inscribebant,
1631 594 1844 635 regesque
1867 594 1992 636 prae·
2029 596 2046 622 5

296 653 548 694 decessores
589 651 733 692 nostri
773 650 958 692 consilia
998 655 1042 692 et
1084 651 1253 692 auxilia
1293 651 1499 693 vaivodis
1540 651 1796 693 Moldaviae
1837 656 1995 693 contra

295 736 449 764 omnes
485 723 638 763 hostes
669 722 968 777 praestabant
990 726 1035 763 et
1056 735 1131 763 eos
1151 722 1196 763 in
1216 735 1346 763 suam
1367 726 1411 764 et
1432 722 1556 777 regni
1575 722 1645 763 sui
1666 723 1995 777 protectionem

294 793 587 848 recipiebant,
614 794 699 834 sub
725 793 891 847 quibus
917 792 1163 847 privilegiis
1188 797 1233 834 et
1260 792 1642 848 inscriptionibus,
1658 793 1774 835 sicut
1794 807 1872 834 rex
1898 806 1996 848 per-

295 870 435 920 petua
450 877 648 918 veraque
675 868 720 906 et
749 863 921 905 sincera
944 864 1146 905 amicitia
1174 868 1218 905 et
1248 863 1358 905 fides
1386 864 1505 906 inter
1532 877 1656 918 reges
1684 868 1728 906 et
1757 864 1993 912 vaivodas,

295 949 572 990 regnumque
604 935 817 976 Poloniae
847 939 891 976 et
923 939 1091 976 terram
1112 935 1368 976 Moldaviae
1398 940 1630 990 supererat
1661 940 1705 977 et
1737 935 2047 985 crescebat;1o

293 1007 355 1047 sic
390 1019 472 1047 nos
507 1005 843 1048 considerantes
878 1005 997 1047 vires
1031 1019 1314 1060 paganorum
1348 1005 1450 1060 plus
1485 1006 1618 1047 solito
1653 1006 1819 1060 augeri,
1857 1019 1996 1060 quam

294 1091 497 1131 unquam
527 1077 650 1118 fuere
681 1077 925 1131 conarique
956 1081 1001 1118 et
1027 1077 1141 1118 velle
1170 1081 1338 1118 terram
1368 1076 1624 1118 Moldaviae
1652 1077 1864 1132 primum,
1895 1081 1994 1118 tan-

295 1149 398 1190 dem
424 1148 548 1203 regni
574 1148 717 1190 nostri
743 1152 887 1189 terras
918 1147 1056 1203 (quod
1083 1148 1206 1189 Deus
1232 1148 1430 1201 avertat)
1462 1148 1701 1197 debellare,
1741 1147 1996 1202 exindeque

293 1219 351 1261 ad
375 1219 619 1261 remotiora
645 1219 993 1260 christianorum
1019 1218 1220 1260 dominia
1240 1219 1431 1261 liberum
1456 1219 1701 1260 transitum
1726 1219 1917 1268 habere;
1944 1222 1995 1260 ut

293 1290 429 1345 igitur
452 1290 521 1331 his
544 1290 673 1332 malis
696 1290 826 1331 nobis
849 1303 1078 1344 regnoque
1108 1294 1264 1332 nostro
1287 1304 1339 1332 ac
1362 1289 1601 1339 vaivodae,
1626 1294 1863 1344 terraeque
1886 1289 1996 1330 Mol·
2010 1302 2047 1329 15

294 1361 469 1410 daviae,
501 1361 591 1403 imo
621 1361 710 1403 toti
740 1361 1065 1402 christianitati
1094 1375 1150 1402 ex
1179 1366 1310 1415 parte
1340 1374 1624 1416 paganorum
1654 1360 1996 1402 imminentibus

293 1432 564 1487 tempestive
589 1446 854 1474 occuramus
880 1437 924 1474 et
951 1432 1128 1473 illorum
1153 1437 1344 1474 conatus
1368 1432 1690 1487 prohibeamus
1714 1431 1826 1473 alias
1850 1431 1996 1472 astha-

292 1504 462 1557 nowyly
483 1504 542 1545 ad
563 1504 647 1545 Dei
665 1503 916 1546 Salvatoris
936 1503 1079 1544 nostri
1100 1503 1288 1557 gloriam
1309 1507 1353 1545 et
1369 1504 1585 1544 honorem
1607 1503 1801 1557 fideique
1822 1501 1996 1544 christi-

295 1588 409 1616 anae
433 1579 477 1616 et
503 1575 840 1630 praedictorum
866 1579 1125 1616 nostrorum
1149 1579 1193 1615 et
1220 1574 1476 1615 Moldaviae
1516 1574 1819 1615 dominiorum
1844 1573 1996 1614 defen-

292 1645 465 1687 sionem
500 1646 819 1701 amicitiaeque
855 1645 1175 1686 certitudinem
1211 1659 1262 1686 ac
1300 1645 1565 1686 firmitatem
1602 1659 1704 1686 cum
1742 1645 1847 1686 Isak
1882 1644 1995 1685 Wis-
2011 1656 2047 1682 20

293 1717 507 1773 thernyk‚
555 1718 799 1759 lwankone
845 1717 1020 1771 Pythar
1062 1721 1107 1758 et
1153 1717 1275 1758 Luca
1319 1717 1506 1765 Dracza,
1553 1715 1781 1771 Magnifici
1824 1715 1995 1757 domini

289 1788 513 1841 Johannis
552 1789 742 1843 Bogdan
781 1788 1007 1829 vaivodae
1046 1787 1302 1829 Moldaviae
1341 1787 1603 1830 consiliariis
1642 1786 1896 1828 oratoribus
1937 1786 1996 1827 ad

291 1873 372 1900 nos
396 1860 440 1901 in
465 1859 526 1901 eis
550 1860 683 1901 rebus
706 1858 866 1907 missis,
891 1859 1007 1900 tales
1031 1859 1312 1901 conditiones
1335 1863 1379 1900 et
1404 1862 1667 1900 contractus
1691 1872 1770 1913 per
1794 1857 1994 1898 medium

290 1935 549 1972 nostrorum
589 1930 945 1972 consiliariorum
985 1929 1173 1971 fecimus
1213 1935 1257 1971 et
1298 1929 1523 1971 inivimus.
1562 1929 1803 1983 Imprimis,
1844 1932 1895 1969 ut
1936 1927 1995 1969 ad

290 2015 446 2042 omnes
472 2006 664 2043 eventus
691 2005 850 2043 contra
875 2013 1078 2055 paganos
1104 2005 1149 2041 et
1177 2000 1288 2042 alios
1314 2001 1468 2042 hostes
1494 2004 1674 2041 nostros
1701 2000 1824 2041 Deus
1851 1999 1993 2040 omni-
2010 2011 2044 2037 25

291 2077 466 2127 potenS,
504 2072 630 2114 cuius
667 2072 711 2113 in
748 2072 1007 2113 defensione
1043 2070 1147 2112 fidei
1183 2072 1333 2127 agitur
1367 2085 1451 2120 res,
1490 2071 1699 2113 omnibus
1736 2070 1994 2111 actionibus

291 2147 335 2184 et
357 2143 535 2192 nostris,
559 2147 603 2185 et
627 2143 738 2185 dicti
758 2143 983 2185 vaivodae
1004 2142 1261 2184 Moldaviae
1282 2143 1596 2197 patrocinetur
1616 2146 1661 2183 et
1684 2142 1838 2183 faveat
1859 2145 1993 2182 tanto

292 2214 571 2263 clementius,
605 2219 781 2269 quanto
812 2213 871 2255 ad
902 2214 1011 2263 eius,
1044 2214 1089 2254 in
1122 2213 1380 2256 defensione
1412 2213 1516 2254 fidei
1547 2212 1828 2254 orthodoxae
1859 2226 1992 2253 vene-

291 2285 481 2326 randam
502 2286 789 2327 Maiestatem
809 2298 891 2326 nos
909 2286 999 2328 Sua
1016 2285 1245 2327 Sanctitas
1265 2285 1421 2326 divina
1440 2284 1695 2326 devotiores
1715 2283 1992 2325 coniunctio-

292 2369 449 2410 resque
472 2357 732 2411 cognoverit
757 2370 765 2406 ;
791 2356 926 2398 debet
950 2356 1161 2398 dominus
1179 2357 1412 2411 johannes
1435 2355 1625 2409 Bogdan
1646 2354 1844 2396 vaivoda
1865 2367 1991 2408 prae-
2005 2367 2041 2394 30

291 2427 440 2468 dictus
466 2440 511 2468 se
538 2432 582 2469 et
611 2441 715 2469 suos
742 2440 1018 2469 successores
1045 2432 1305 2482 terramque
1332 2426 1587 2468 Moldaviae
1614 2438 1751 2480 regno
1778 2424 1990 2467 Poloniae

292 2497 574 2552 incorporare
612 2503 846 2553 perpetuo,
891 2512 1063 2553 nosque
1111 2512 1215 2540 eum
1253 2498 1298 2539 in
1337 2502 1558 2545 nostrum,
1597 2496 1811 2551 regnique
1846 2495 1990 2537 nostri

291 2568 540 2622 principem
571 2574 615 2610 et
650 2569 954 2611 consiliarium
985 2583 1037 2610 ac
1068 2569 1346 2611 consiliarios
1377 2568 1471 2610 eius
1502 2568 1547 2609 in
1578 2572 1756 2609 nostros
1787 2566 1990 2608 consilia-

290 2638 379 2679 rios
406 2639 658 2680 creabimus
686 2644 730 2681 et
759 2654 908 2682 creare
936 2640 1215 2681 debebimus.
1246 2639 1318 2681 Ad
1345 2638 1468 2694 quod
1495 2639 1590 2693 ipse
1613 2638 1846 2692 Johannes
1874 2637 1989 2692 Bog-

292 2708 381 2750 dan
407 2710 604 2751 vaivoda
631 2724 735 2751 cum
762 2711 982 2752 universis
1008 2711 1100 2752 suis
1126 2710 1401 2759 consiliariis,
1429 2709 1735 2765 boyaronibus
1761 2712 1806 2750 et
1832 2708 1988 2749 incolis
2002 2720 2037 2746 35

291 2783 435 2820 terrae
470 2780 725 2822 Moldaviae
779 2781 1117 2836 inscriptionem
1165 2781 1303 2823 faciat
1350 2785 1395 2822 et
1442 2794 1542 2822 eam
1577 2778 1987 2834 incorporationem

295 2849 506 2891 inscribet
532 2855 576 2891 et
602 2851 845 2893 inscribent
870 2857 915 2894 et
939 2853 1116 2894 litteras
1138 2852 1268 2893 nobis
1292 2865 1426 2906 super
1450 2850 1495 2891 id
1519 2850 1646 2891 dabit
1671 2854 1715 2890 et
1740 2849 1915 2890 dabunt
1940 2849 1986 2890 in

294 2919 438 2959 forma
468 2921 674 2975 ampliori
696 2922 740 2962 in
763 2922 933 2964 talibus
962 2923 1056 2964 fieri
1085 2926 1317 2970 consueta,
1348 2921 1410 2962 sic
1439 2925 1483 2962 et
1513 2934 1569 2961 ex
1597 2933 1717 2960 nunc
1746 2924 1790 2961 et
1822 2919 1987 2961 futuris

292 2990 522 3043 perpetuis
542 2992 823 3045 temporibus
843 3007 1031 3047 regnum
1052 2993 1265 3034 Poloniae
1284 2996 1329 3033 et
1350 2996 1470 3033 terra
1491 2989 1745 3031 Moldaviae
1765 2989 1823 3031 sit
1844 3004 1985 3031 unum

294 3072 457 3113 corpus
486 3060 786 3111 individuum,
823 3077 914 3104 una
955 3077 1077 3118 gens,
1122 3077 1239 3104 unus
1279 3061 1474 3117 populus
1516 3059 1833 3114 unanimisque
1875 3060 1986 3101 alias
1999 3073 2036 3098 40

293 3129 468 3183 sgodna,
485 3130 678 3172 fidelitas
701 3137 745 3172 et
770 3133 982 3174 voluntas
1005 3147 1110 3182 una,
1135 3133 1344 3174 dominus
1367 3135 1521 3173 autem
1541 3131 1772 3184 Johannes
1796 3130 1985 3185 Bogdan
