2209 3643
190 207 255 242 25.
284 197 383 243 Aug.
422 190 532 249 1476]
959 195 1035 230 No.
1065 205 1112 230 20
1836 202 1882 237 23

1002 324 1070 365 20.

698 421 894 470 Bereczk,
929 433 996 474 25.
1033 420 1223 476 Augusti
1255 420 1381 474 1476.

186 512 335 552 Comes
375 512 617 565 Stephanus
661 513 854 564 Bathory
897 511 1023 551 iudex
1068 511 1218 556 curiae,
1265 509 1450 549 Mathiae
1494 508 1578 560 regi
1624 507 1880 559 Hungariae.

335 613 477 654 Turca
517 612 748 668 acquiescit
787 613 836 653 iu
876 612 1170 668 oppugnanda
1210 611 1416 671 Neamiu,
1458 615 1597 652 motus
1636 608 1884 651 rumoribus

150 694 171 721 5
186 697 231 725 co
234 684 334 738 pias
343 684 389 725 H
394 697 652 739 ungarorum
668 683 1003 738 adproperantes
1018 682 1427 735 circumferentibus.
1441 681 1659 736 Stephano
1677 680 1883 722 vaivodae

185 768 343 797 manus
370 755 665 796 auxiliatrices
697 754 817 796 misit
842 755 1016 809 ‘ipseque
1049 754 1088 795 ei
1114 754 1162 795 in
1196 754 1341 795 eadem
1373 757 1554 808 angusta
1586 752 1754 794 obviam
1786 751 1880 800 ivit,

181 840 268 881 qua
292 827 348 867 M
350 826 493 868 athias
514 840 586 867 rex
607 826 663 867 M
666 826 883 867 oldaviam
904 825 1107 867 tendebat.

326 932 612 974 Serenissime
651 932 876 987 Princeps.
918 931 1112 973 Domine
1149 935 1194 972 et
1233 930 1413 972 domine
1450 933 1604 972 noster
1641 928 1882 971 naturalis-

186 1007 256 1045 ter
284 1003 617 1058 gratiosissime.

127 1085 169 1112 10
331 1074 510 1116 Pridem
548 1074 869 1129 scripseramus
903 1073 1146 1115 Serenitati
1182 1072 1274 1114 Vrae
1323 1085 1379 1113 ex
1427 1075 1558 1127 parte
1595 1070 1881 1126 imperatoris

183 1145 432 1186 Tuscorum
462 1159 513 1187 ac
545 1145 737 1187 Illustris
766 1144 940 1186 domini
966 1143 1185 1199 Stephani
1215 1142 1438 1185 vaivodae
1468 1141 1737 1191 Moldaviae,
1769 1155 1879 1197 quo-

182 1216 320 1257 modo
347 1220 391 1257 et
421 1216 615 1270 qualiter
642 1216 874 1258 habuisset
903 1215 1207 1257 conflictum.1
1224 1214 1346 1256 Sciat
1371 1213 1597 1255 Serenitas
1629 1213 1702 1254 Vra
1729 1211 1881 1254 omnia

183 1286 317 1328 sicuti
340 1291 385 1328 et
409 1287 795 1341 quemadmodum
830 1287 923 1328 Vrae
954 1285 1197 1328 Serenitati
1237 1284 1571 1340 scripseramus,
1596 1297 1705 1326 vera
1726 1282 1876 1325 fuisse.

184 1357 316 1399 Nunc
345 1357 484 1399 etiam
510 1357 752 1399 Serenitati
781 1358 872 1399 Vrae
913 1370 1043 1398 veras
1082 1356 1313 1398 novitates
1352 1355 1602 1404 scribimus,
1650 1353 1879 1409 quomodo

128 1441 165 1467 15
183 1428 431 1484 imperator
461 1429 710 1470 Tuscorum
743 1432 942 1470 castrum
974 1427 1133 1469 Nemiz
1164 1431 1380 1469 vocatum
1412 1426 1458 1468 in
1489 1425 1720 1468 Moldavia
1751 1424 1878 1467 habi-

184 1503 284 1541 tum
315 1499 553 1541 obsederat
585 1504 629 1541 et
661 1499 826 1541 abinde
855 1498 1077 1554 perfidum
1108 1498 1315 1540 Bozarad
1344 1497 1591 1540 vaivodam
1620 1495 1877 1551 Transalpi—

180 1584 290 1612 num
313 1584 416 1612 cum
439 1570 613 1625 aliquot
648 1570 829 1612 milibus
850 1570 1100 1611 Tuscorum
1123 1570 1439 1624 deputaverat,
1464 1572 1516 1610 ut
1539 1572 1707 1610 terram
1730 1567 1880 1609 Bozza

180 1646 226 1683 et
251 1646 399 1683 totam
423 1641 785 1683 Transilvaniam
810 1641 1102 1689 subintraret,
1127 1654 1206 1695 per
1230 1640 1352 1681 illam
1376 1639 1514 1688 viam,
1540 1652 1632 1693 qua
1651 1637 1878 1680 Serenitas

180 1713 253 1754 Vra
278 1712 556 1754 Moldaviam
594 1712 846 1753 intraverat
884 1716 929 1753 et
956 1711 1046 1752 iam
1072 1725 1151 1766 per
1176 1710 1367 1752 eandem
1392 1710 1515 1751 viam
1542 1709 1879 1764 aliquantulum

124 1797 166 1823 20
182 1787 475 1838 processerat,
492 1783 769 1838 audiensque
790 1782 909 1824 idem
931 1783 1138 1824 Bozarad
1151 1782 1290 1824 etiam
1310 1794 1392 1822 nos
1412 1794 1568 1822 versus
1588 1780 1733 1835 ipsam
1753 1779 1877 1822 viam

183 1854 400 1910 applicari
437 1854 687 1909 statimque
705 1867 797 1895 non
816 1853 1016 1895 curando
1035 1857 1229 1894 mortem
1260 1852 1378 1907 equi,
1399 1851 1650 1893 adventum
1669 1854 1877 1892 nostrum

182 1924 445 1980 imperatori
472 1924 719 1974 intimavit,
750 1938 840 1979 quo
869 1924 1026 1966 audito
1055 1923 1301 1979 imperator
1328 1922 1452 1964 nulla
1480 1935 1606 1963 mora
1633 1925 1877 1976 expectata

181 1996 241 2037 ab
269 1996 501 2038 obsidione
528 1996 638 2038 dicti
665 1995 802 2037 castri
829 1995 987 2037 Nemiz
1014 1994 1233 2036 festinans
1260 1993 1462 2035 discessit
1490 2006 1646 2034 versus
1673 1992 1875 2041 domum,

182 2067 318 2109 modo
342 2067 543 2109 nescitur
567 2071 612 2109 et
638 2080 720 2108 nec
745 2066 893 2108 adhuc
919 2066 1013 2120 ipse
1038 2064 1248 2107 dominus
1270 2064 1528 2119 Stephanus
1552 2062 1751 2105 vaivoda
1775 2062 1874 2111 scit,

127 2151 166 2178 25
182 2142 338 2180 utrum
362 2138 484 2180 vada
507 2137 887 2186 transfretaverit,
905 2150 963 2178 an
978 2136 1036 2178 ad
1061 2140 1209 2178 castra
1232 2135 1397 2177 Albam
1422 2133 1638 2176 Nezther2
1663 2138 1708 2176 et
1734 2133 1874 2176 Chilie

183 2208 298 2258 ierit,
331 2209 438 2264 quia
468 2208 534 2250 ita
564 2208 680 2263 fugit
711 2208 870 2250 audito
901 2207 1103 2249 adventu
1133 2206 1337 2261 gentium
1379 2206 1472 2247 Vrae
1511 2204 1791 2254 Serenitatis,
1823 2209 1875 2246 ut

182 2279 312 2321 decet
344 2283 451 2321 ante
480 2280 634 2321 hostes
665 2279 830 2334 sugere.
865 2278 1012 2320 Hodie
1044 2278 1163 2319 enim
1194 2281 1262 2318 est
1294 2280 1459 2331 quarta
1490 2275 1597 2325 dies,
1631 2275 1755 2331 quod
1785 2289 1876 2317 cer-

182 2349 487 2392 titudinaliter
517 2350 780 2392 rescivimus
811 2349 959 2404 ipsum
991 2348 1226 2390 dominum
1254 2347 1538 2402 Stephanum
1568 2346 1735 2396 vivere,
1769 2345 1877 2401 quia

182 2421 447 2463 miseramus
472 2421 531 2463 ad
554 2435 658 2463 eum
682 2420 912 2462 hominem
936 2424 1156 2468 nostrum,
1179 2417 1258 2473 qui
1281 2417 1429 2473 ipsum
1454 2418 1500 2458 in
1524 2416 1755 2459 Moldavia
1778 2416 1876 2472 plu-

127 2507 168 2534 30
182 2491 306 2534 ribus
346 2492 504 2534 diebus
545 2491 854 2547 quaesivisset,
897 2490 1083 2532 tandem
1124 2488 1279 2531 multis
1319 2488 1549 2530 laboribus
1600 2487 1646 2529 in
1699 2487 1877 2543 alpibus

183 2562 437 2618 recepisset.
467 2563 686 2618 Idemque
712 2562 922 2604 dominus
944 2561 1202 2616 Stephanus
1228 2559 1426 2601 vaivoda
1451 2572 1554 2601 cum
1580 2558 1668 2600 isto
1693 2558 1876 2601 homine

183 2637 353 2683 nostro,
381 2648 523 2676 unum
548 2633 811 2675 boiaronem
836 2646 969 2674 suum
1008 2631 1067 2673 ad
1098 2644 1180 2672 nos
1206 2630 1390 2672 miserat
1414 2629 1667 2685 petiturum
1694 2642 1721 2671 a
1745 2628 1876 2671 nobis

183 2704 359 2759 aliquas
383 2708 538 2759 gentes
562 2718 643 2760 pro
668 2718 750 2746 suo
775 2703 955 2745 auxilio.
984 2702 1065 2744 Cui
1087 2715 1170 2743 nos
1193 2714 1285 2742 non
1309 2700 1454 2743 solum
1479 2704 1648 2749 tantas,
1675 2704 1872 2755 quantas

184 2774 279 2829 ipse
305 2775 493 2829 petebat
521 2780 692 2830 gentes,
721 2775 800 2816 sed
827 2774 956 2828 longe
983 2772 1146 2828 plures,
1176 2785 1242 2821 eo,
1271 2775 1323 2813 ut
1351 2771 1397 2813 in
1425 2771 1635 2813 omnibus
1661 2770 1875 2812 voluntas

127 2861 166 2888 :35
185 2845 348 2887 Vestra
385 2846 527 2901 Regia
564 2846 839 2901 impleretur,
879 2843 1096 2892 misimus,
1135 2842 1390 2884 nuntiando
1428 2841 1587 2891 eidem,
1626 2845 1678 2883 ut
1717 2854 1875 2896 quarn-

185 2915 382 2970 primum
417 2930 530 2972 opus
564 2916 714 2966 fuerit,
750 2915 887 2958 etiam
923 2913 1217 2970 personaliter
1250 2927 1354 2955 cum
1388 2912 1511 2954 omni
1543 2911 1751 2967 potentia
1783 2912 1875 2954 Vm

181 2986 446 3029 Serenitatis
492 2987 551 3029 ad
578 2987 727 3042 ipsum
755 2985 1031 3028 accedemus.
1060 2983 1181 3026 Sciat
1210 2983 1349 3025 etiam
1374 2982 1600 3025 Serenitas
1639 2983 1712 3024 Vra
1748 2987 1875 3025 actos

184 3057 441 3112 praefatum
484 3057 691 3099 Bozarad
733 3056 792 3099 ad
834 3056 1020 3098 domum
1051 3054 1184 3096 ivisse
1214 3058 1259 3096 et
1291 3067 1394 3096 cum
1425 3053 1634 3095 omnibus
1664 3053 1875 3109 gentibus

327 3175 341 3196 1
374 3175 500 3210 Penes
527 3175 652 3210 Valea
681 3173 794 3217 Alba,
827 3176 887 3209 26.
919 3173 1016 3219 Julij
1047 3174 1155 3218 1476.
1219 3168 1234 3191 ²
1260 3171 1475 3207 Akerman.
