2209 3643
178 172 237 197 21.
270 162 361 208 Jan.
398 157 507 211 1505]
896 162 971 196 No.
1005 162 1153 205 62——63
1826 168 1873 203 75

322 293 494 334 Datum
515 296 645 333 sexto
666 292 737 333 die
759 291 845 333 diei
867 291 1144 333 executionis
1166 295 1210 333 et
1232 289 1498 346 repulsionis
1520 288 1870 344 praedictarum.

177 364 311 406 Anno
338 363 520 406 Domini
549 374 657 416 1505
686 363 960 418 supradicto.

285 458 526 503 (Conceptus
555 457 767 502 originalis.
800 457 994 501 Orszagos
1025 456 1222 497 Leveltar,
1256 456 1475 500 Budapest.
1508 454 1572 488 Dl.
1606 453 1759 499 36519.)

988 607 1059 649 62.

146 732 162 757 5
589 718 939 771 Gyulafelzervcz‘r,
976 730 1043 759 21.
1080 717 1298 771 januarii
1333 728 1459 769 1505.

282 809 480 848 Melchior
504 809 661 848 Rakosi
684 809 865 848 vicarius
886 809 1098 848 Albensisl
1120 808 1285 848 senatui
1307 808 1494 847 civitatis
1517 807 1773 846 Besztercze.

319 908 426 949 Rem
475 908 691 949 Bernardi
742 908 779 949 V
783 922 915 949 ermes
962 908 1176 963 Stephani
1223 908 1326 949 olim
1372 907 1576 949 z'czz'vodae
1621 906 1875 948 Moldavz‘ae

176 979 418 1031 familiaris
451 980 743 1021 ordinandam
784 980 1064 1020 commendat.

324 1087 393 1127 Ex
427 1087 613 1142 [litteris]
644 1086 920 1128 Serenissimi
949 1086 1120 1128 domini
1142 1085 1285 1127 nostri
1307 1085 1421 1140 regis
1443 1098 1524 1140 pro
1545 1090 1674 1139 parte
1695 1083 1873 1139 Egregii

123 1169 161 1196 10
178 1157 397 1199 Bernardi
436 1158 634 1206 Vermes,
685 1158 794 1199 alias
833 1157 1066 1198 familiaris
1116 1162 1159 1198 et
1211 1156 1471 1212 cas[tellani]
1522 1155 1790 1210 Spectabilis
1828 1158 1872 1196 et

178 1228 407 1282 Magnifici
432 1229 663 1283 quondam
690 1228 860 1269 domini
884 1228 1102 1283 Stephani
1128 1228 1350 1269 vaivodae
1376 1226 1708 1275 Mofflaviensis,
1735 1225 1875 1267 felicis

178 1299 530 1354 recordaltionis]
579 1305 623 1340 et
670 1304 828 1341 contra
873 1299 1103 1353 quandam
1139 1299 1385 1347 mulierem,
1426 1298 1629 1339 relictam
1663 1297 1873 1339 videlicet

178 1370 371 1411 condam
393 1370 617 1424 Johannis
644 1370 808 1418 Keller,
841 1370 993 1411 fratris
1018 1370 1218 1411 eiusdem
1247 1369 1496 1425 [Bern]ardi
1522 1369 1706 1410 Vermes
1731 1367 1874 1423 pridie

179 1440 459 1490 defunctam,
503 1441 820 1482 emanatis...
866 1455 968 1482 cum
1012 1440 1340 1495 praesentibus,
1384 1440 1513 1481 vobis
1555 1439 1757 1480 exhiberi
1799 1439 1874 1480 de-

128 1524 164 1551 15
178 1511 366 1553 bendis.
392 1546 431 1553 ..
482 1511 654 1553 Vestris
701 1512 1030 1553 Dilectionibus
1077 1512 1238 1553 harum
1286 1511 1396 1552 serie
1443 1511 1527 1552 sub
1574 1509 1875 1552 ecclesiastica

180 1596 367 1624 censura
414 1583 703 1638 iniungimus,
753 1588 1072 1637 quatenus...
1112 1596 1294 1624 causam
1344 1582 1533 1623 eandem
1570 1581 1688 1622 inter
1722 1585 1875 1636 partes

179 1667 302 1695 more
339 1658 384 1695 et
423 1653 749 1695 consuetudine
786 1654 904 1695 illius
941 1653 1142 1695 civitatis
1179 1658 1356 1694 vestrae
1394 1666 1658 1707 cognoscere
1696 1666 1746 1693 ac
1785 1651 1875 1692 fine

180 1724 334 1766 debito
360 1724 603 1766 terminare
629 1724 779 1766 velitis
805 1730 848 1765 et
877 1724 1079 1766 debeatis
1100 1738 1109 1773 ;
1137 1729 1221 1765 etc.

325 1796 497 1837 Datum
529 1796 671 1837 Albae
702 1795 747 1836 in
779 1795 894 1837 festo
926 1796 1096 1836 Beatae
1126 1795 1314 1850 Agnetis
1344 1793 1538 1849 Virginis
1569 1798 1613 1835 et
1645 1793 1871 1848 martyris

124 1880 159 1906 20
179 1866 312 1907 Anno
350 1867 532 1908 Domini
571 1866 807 1908 Millesimo
845 1866 1205 1921 quingentesimo
1243 1865 1417 1920 quinto.

1426 1960 1623 2001 Thomas
1656 1958 1871 2000 notarius.

232 2055 455 2100 (Originale.
483 2056 703 2090 Archivum
717 2055 932 2090 comitatus
948 2055 1338 2095 Beszterczenaszod,
1365 2055 1607 2090 Besztercze.
1624 2054 1698 2087 No.
1716 2053 1820 2098 445.)

990 2218 1059 2260 63.

661 2328 864 2377 Kmko'w,
899 2329 936 2369 6.
972 2328 1232 2383 Septembris
1264 2339 1389 2381 1505.

127 2434 164 2461 25
276 2420 516 2459 Alexander
541 2433 614 2459 rex
643 2420 842 2458 Poloniae
862 2432 937 2471 pro
958 2423 1079 2470 parte
1101 2418 1278 2468 Bogdan
1298 2418 1508 2457 vaivodae
1528 2417 1777 2456 Moldaviae.

323 2518 357 2561 C
361 2520 558 2561 onventio
586 2519 698 2560 inter
727 2518 1029 2560 Alexandrum
1056 2531 1190 2572 regem
1213 2517 1424 2559 Polom'ae
1452 2521 1488 2558 et
1518 2517 1696 2571 Bogdan
1733 2517 1874 2558 vaivo-

180 2589 281 2631 dam
295 2590 548 2631 llffoldavz'ae
563 2591 690 2639 inita,
707 2594 753 2631 nt
766 2589 1012 2645 praedictus
1028 2588 1209 2629 vaivoda
1231 2602 1273 2629 se
1288 2593 1324 2629 et
1338 2602 1438 2629 suos
1465 2601 1723 2629 successores
1749 2592 1874 2642 atque

181 2660 327 2716 ipsam
345 2665 502 2702 terram
520 2661 773 2703 Moldaviae
790 2674 914 2715 regno
926 2660 1137 2701 Polonz'ae
1152 2659 1419 2714 incorporet:
1446 2673 1465 2699 e
1480 2672 1676 2700 converso
1696 2672 1769 2699 rex
1783 2658 1875 2699 vai-

181 2732 311 2773 vodae
325 2745 509 2773 sororem
525 2746 664 2781 suam,
681 2732 890 2787 virginem
904 2730 1211 2778 Elisabetlzam,
1235 2730 1283 2771 in
1299 2729 1628 2770 matrimonium
1647 2729 1871 2784 promittit.

127 2860 164 2886 30
326 2838 582 2880 Alexander
609 2838 693 2879 Dei
719 2838 866 2892 gratia
891 2851 969 2878 rex
998 2836 1223 2885 poloniae,
1251 2849 1441 2890 magnus
1468 2835 1561 2876 dux
1588 2835 1872 2884 Lithuaniae,

184 2908 387 2958 Russiae,
423 2910 719 2963 Prussiaeque
752 2908 962 2950 dominus
994 2913 1038 2949 et
1072 2909 1227 2949 haeres
1259 2912 1343 2948 etc.
1376 2907 1688 2961 Significamus
1719 2911 1875 2947 tenore

309 3027 321 3047 1
350 3026 539 3060 Melchior
554 3027 603 3061 de
618 3027 754 3061 Rakos
769 3026 917 3061 artium
932 3025 1153 3059 liberalium
1169 3028 1209 3059 et
1224 3026 1474 3059 decretorum
1491 3025 1642 3065 doctor,
1660 3025 1874 3059 canonicus

182 3086 222 3118 et
250 3084 422 3119 vicarius
451 3085 636 3120 ecclesiae
664 3085 847 3120 Albensis
890 3084 1194 3118 Transsilvanae
1223 3084 1264 3117 in
1293 3083 1565 3129 spiritualibus
1595 3087 1635 3118 et
1663 3094 1873 3118 causarum

182 3143 342 3178 auditor
365 3144 554 3188 generalis
578 3147 652 3179 ete.
