2209 3643
307 203 376 237 144
993 194 1068 228 No.
1094 196 1293 240 106—107
1662 191 1736 246 [19.
1758 197 1874 231 Febr.
1900 207 1999 243 1527

306 323 495 364 eandem
525 323 618 365 iure
648 323 933 372 hereditario,
965 328 1016 364 ut
1048 323 1226 373 dicitur,
1258 324 1512 374 devolutas,
1544 326 1601 367 ab
1629 326 1839 368 omnibus
1862 327 1999 368 servi-

307 393 396 442 tiis,
432 394 552 435 taxis
586 398 629 435 et
666 394 875 434 oneribus
910 393 1185 447 quibuslibet
1330 395 1570 437 eximimus
1615 401 1659 438 et
1705 397 2000 438 nobilitamus

309 464 504 518 ipsisque
523 464 690 517 Joanni
712 464 942 519 Zalanchy
964 468 1008 505 et
1032 477 1139 506 suae
1161 478 1373 520 spronsae
1395 501 1402 508 .
1427 501 1434 508 .
1459 501 1466 508 .
1491 480 1636 508 novae
1657 472 1838 509 nostrae
1860 468 1998 509 dona—

306 534 440 575 tionis
456 534 829 575 tituloldedimus
844 548 895 575 ac
913 535 1061 576 curiae
1076 536 1305 577 nobilitari
1321 536 1521 579 eiusdem
1530 538 1760 593 Zalanchy
1768 539 1813 580 in
1830 538 1998 593 oppido

301 604 459 658 Jofew,
494 605 539 645 in
573 605 694 646 dicto
728 605 950 646 comitatu
977 606 1292 661 Hunyadiensi
1325 608 1560 650 existentis
1585 609 1769 651 habitae
1801 609 1998 664 applica·
2035 626 2054 652 5

304 675 454 716 vimus
476 689 484 725 ;
516 680 599 716 etc.

447 746 620 787 Datum
673 746 885 801 Strigonii
931 747 976 788 in
1033 748 1148 789 festo
1207 748 1564 791 Circumcisionis
1621 750 1818 792 Domini.
1864 751 1998 792 Anno

302 816 501 858 eiusdem
544 828 666 871 1527.

445 919 668 963 (Originale.
692 920 911 954 Archivum
927 925 1145 959 comitatus
1159 922 1375 963 Alsofehe'zn
1399 924 1658 969 Nagyenyed.
1682 925 1816 959 Codex
1831 926 1998 962 authen-

300 979 467 1012 ticorum
499 979 865 1024 Kemenyianorum
892 981 969 1014 vol.
1000 981 1067 1014 IV.
1096 982 1170 1015 No.
1203 982 1275 1027 13.)
2014 1003 2054 1029 io

1111 1149 1208 1191 106.

812 1258 977 1307 Praha,
1001 1270 1069 1312 19.
1097 1258 1330 1300 Februarii
1351 1271 1478 1313 1527.

407 1347 699 1386 Ferdinandus
715 1349 746 1387 Ι.
765 1361 837 1386 rex
854 1349 1098 1399 Hungariae
1115 1350 1239 1388 Petro
1256 1351 1387 1404 Rares
1405 1350 1617 1389 vaivodae
1638 1350 1888 1390 Moldaviae.

444 1458 630 1499 Litteme
666 1459 943 1501 credentiales
980 1460 1135 1502 nuntio
1161 1474 1238 1501 sno
1276 1461 1332 1502 ad
1368 1460 1596 1502 vaivodam
1631 1461 1763 1502 misso
1800 1461 1937 1502 datae.

450 1577 757 1619 Illustrissime
788 1578 957 1620 sincere
989 1578 1163 1620 dilecte.
1200 1579 1515 1620 Commisimus
1546 1579 1687 1620 nobili
1717 1579 1838 1620 fideli
1869 1579 2052 1621 nobism

303 1647 468 1689 dilecto
502 1648 747 1690 Laurentio
780 1649 1120 1704 Misschillinger
1152 1650 1370 1691 nonnulla
1402 1650 1531 1691 vobis
1565 1650 1845 1704 exponenda,
1881 1650 1997 1692 sicut

300 1719 437 1760 latius
470 1719 528 1760 ab
561 1733 614 1760 eo
647 1733 798 1760 coram
832 1720 1074 1775 accipietis.
1111 1721 1237 1775 Quae
1271 1735 1373 1762 cum
1407 1735 1461 1762 ex
1495 1725 1647 1762 mente
1680 1725 1724 1762 et
1758 1721 1999 1763 voluntate

301 1794 457 1831 nostra
490 1790 692 1839 veniant,
728 1805 809 1832 vos
842 1792 1080 1833 hortamur
1111 1791 1371 1846 plurimum,
1408 1796 1458 1833 ut
1493 1792 1639 1833 eidem
1673 1792 1920 1833 Laurentio
1953 1792 1998 1833 in

303 1860 385 1910 his,
417 1874 532 1915 quae
562 1862 723 1902 referet
753 1876 843 1903 non
873 1863 1017 1904 solum
1047 1863 1182 1903 fidem
1213 1862 1447 1904 indubiam
1477 1867 1721 1917 praestare,
1753 1862 1831 1904 sed
1859 1862 1998 1904 etiam

303 1945 384 1972 vos
406 1945 539 1986 super
560 1932 727 1973 eisdem
750 1933 815 1974 ita
837 1933 1047 1974 exhibere
1068 1934 1231 1982 velitis,
1256 1933 1371 1975 sicut
1395 1933 1439 1974 in
1462 1947 1544 1975 vos
1564 1933 1694 1988 plene
1716 1933 1996 1975 confidimus
2014 1948 2053 1974 20

303 2002 363 2043 Et
394 2002 591 2044 vicissim
623 2017 727 2058 erga
756 2017 837 2045 vos
868 2004 990 2045 omni
1020 2004 1167 2059 gratia
1197 2009 1353 2046 nostra
1382 2017 1765 2059 recognoscemus.

448 2074 620 2115 Datum
656 2075 840 2129 Pragae,
879 2075 951 2116 die
987 2087 1053 2130 19.
1091 2075 1326 2117 Februarii
1361 2086 1486 2129 1527.
1523 2080 1609 2118 etc,

630 2181 881 2226 (Conceptus.
918 2181 1206 2221 Staatsarchiv,
1246 2181 1374 2214 Wien.
1413 2180 1674 2225 Hungarica.)

1099 2356 1196 2397 107.

816 2465 981 2514 Praha,
1005 2477 1073 2518 24.
1100 2466 1333 2507 Februarii
1354 2478 1381 2506 Ι
1383 2476 1481 2519 527.
2016 2477 2057 2503 25

378 2551 670 2592 Ferdinandus
695 2554 726 2592 Ι.
752 2567 825 2592 rex
851 2554 1097 2605 Hungariae
1122 2556 1248 2594 Petro
1273 2556 1404 2610 Rares
1427 2555 1636 2593 vaivodae
1661 2554 1911 2593 Moldaviae.

448 2663 619 2705 Salutat
635 2664 774 2705 sedem
790 2666 950 2720 regiam
966 2666 1428 2720 ascendentemRogat,
1446 2680 1499 2707 ne
1514 2665 1548 2719 J
1551 2678 1735 2707 oannem
1749 2664 1999 2719 Szapolyai,

307 2732 533 2775 vaivodawz
564 2735 926 2788 Transylvam'aa
969 2737 1156 2785 adiuvet,
1186 2737 1261 2791 qui
1291 2741 1436 2778 contra
1465 2737 1615 2778 omnia
1643 2736 1743 2777 iura
1772 2739 1809 2776 et
1836 2739 2001 2776 contra-

305 2808 394 2845 ctus
431 2805 667 2858 perniciem
702 2806 957 2860 Hzmgarz'ae
993 2807 1182 2855 molitur,
1220 2808 1293 2848 sed
1330 2807 1377 2848 in
1413 2820 1458 2848 eo
1495 2806 1693 2856 confidat,
1731 2805 1787 2846 ad
1823 2818 2000 2859 eamque

305 2874 461 2929 legatos
495 2876 649 2924 mittat,
685 2877 892 2930 quomodo
928 2878 1131 2918 adversus
1169 2878 1358 2918 Tarcam
1392 2881 1429 2917 et
1463 2877 1519 2917 ad
1554 2877 1711 2917 bonum
1745 2875 2000 2929 Hangariae
2015 2887 2055 2913 30

306 2946 588 2986 communiter
614 2960 733 3000 agere
759 2947 947 2988 debeant.

447 3108 459 3127 1
488 3105 620 3139 Prima
646 3107 810 3141 donatio
830 3109 973 3145 harum
992 3108 1286 3153 possessionum
1313 3118 1336 3140 a
1354 3116 1444 3151 rege
1471 3105 1676 3140 Ludovico
1703 3106 1756 3139 Π.
1787 3105 1895 3140 facta
1922 3105 2000 3140 fuit

310 3172 368 3205 23·
397 3165 507 3209 Junii
536 3170 631 3210 1526
660 3166 825 3206 Budae;
857 3166 1117 3200 «Tortenelmi
1144 3166 1241 3202 Tar»
1273 3176 1368 3210 1907
1396 3176 1485 3211 pag.
1519 3165 1601 3198 108.
