2209 3643
336 180 384 213 54
1109 166 1183 200 No.
1206 167 1254 209 46
1695 161 1744 216 [3.
1778 166 1893 201 Febr.
1930 177 2023 211 1501

335 297 506 339 domini
552 295 819 350 exponentis
864 295 909 335 in
956 294 1080 336 dicta
1124 298 1279 336 vestra
1323 294 1526 337 sacristia
1564 309 1641 337 seu
1687 296 2024 338 conservatorio

336 368 483 409 dictae
519 365 727 407 ecclesiae
765 369 955 414 vestrae,
994 364 1233 419 diligenter
1267 365 1431 420 requiri
1468 370 1512 408 et
1550 365 1791 407 reinveniri
1840 366 2022 421 requisi-

335 442 573 490 tarumque
617 440 661 477 et
705 435 1049 477 reinventarum
1094 440 1297 477 tenorem
1341 436 1387 478 in
1431 436 1725 491 transscripto
1769 436 2021 479 litterarum

335 512 586 549 vestrarum
617 506 662 547 in
692 506 838 547 forma
867 505 1024 547 debita
1055 510 1277 548 annotato
1306 507 1491 549 domino
1518 507 1750 562 Stephano
1778 508 2021 562 exponenti

334 576 531 619 emanari
570 576 714 618 facere
757 580 802 618 et
841 576 1080 618 extradare
1120 577 1322 619 debeatis
1360 577 1467 620 iuris
1509 577 1649 632 ipsius
1687 577 1746 619 ad
1783 578 2020 627 cautelam,
2062 594 2078 619 5

336 652 550 690 caventes
576 651 743 696 tamen,
772 661 828 688 ne
856 647 981 688 fraus
1010 651 1055 688 et
1085 647 1215 689 dolus
1242 648 1402 690 exinde
1430 648 1600 690 oriatur
1627 648 1844 703 aliqualis,

475 719 649 759 Datum
694 717 741 758 in
786 717 974 759 civitate
1020 717 1241 761 Coloswar
1286 719 1396 760 feria
1458 719 1618 774 quinta
1665 719 1869 774 proxima
1914 723 2016 774 post

334 789 499 830 festum
528 788 660 830 Beati
688 788 874 830 Martini
901 788 1099 844 episcopi
1127 793 1172 831 et
1201 789 1478 832 confessoris.
1511 790 1644 831 Anno
1674 789 1857 831 Domini
1884 789 2022 831 Mille-

331 859 443 900 simo
478 859 849 914 quingentesimo.

476 966 823 1011 (Transsumptum
843 965 1033 1011 originale
1052 969 1273 1001 conventus
1299 966 1483 1001 ecelesiae
1506 967 1554 1001 de
1582 967 1946 1007 Kolozsmonost0r‚
1976 966 2025 1000 de
2040 981 2074 1008 10

330 1035 436 1059 anno
462 1035 569 1069 1500.
593 1025 787 1070 Orszagos
810 1025 1005 1065 Leveltar,
1031 1026 1248 1071 Budapest.
1273 1025 1335 1060 Dl.
1360 1026 1511 1071 36869.)

135 1122 182 1143 ¹²·
202 1114 283 1143 Νῦν·
480 1119 536 1161 Vi
564 1119 769 1161 mandati
796 1119 1047 1161 vaivodalis
1074 1119 1206 1161 huius
1236 1124 1486 1161 conventus
1514 1120 1723 1162 ecclesiae
1752 1119 1807 1161 de
1837 1119 2023 1162 Kolozs-

334 1194 567 1232 monostor
596 1190 754 1232 statim
785 1204 837 1232 eo
867 1190 938 1232 die
973 1190 1097 1244 (feria
1129 1190 1290 1245 quinta
1319 1190 1525 1245 proxima
1554 1195 1656 1245 post
1688 1191 1855 1232 festum
1886 1190 2018 1232 Beati

333 1261 516 1302 Martini
537 1261 733 1316 episcopi
748 1265 792 1303 et
810 1261 1072 1303 confessoris
1090 1261 1214 1314 1500)
1239 1261 1495 1303 extradedit
1516 1261 1690 1303 litteras
1710 1261 1823 1303 duas
1844 1275 1923 1316 per
1941 1274 2023 1302 nos

334 1332 432 1373 sub.
466 1333 552 1374 No.
582 1345 636 1385 43
664 1336 709 1374 et
740 1345 810 1386 44.
839 1332 1102 1387 publicatas
2039 1349 2076 1376 15

1142 1495 1212 1537 46.

736 1606 791 1647 M
794 1606 1133 1658 arosvdscirliely‚
1161 1618 1201 1658 3.
1235 1605 1469 1647 Februarii
1495 1617 1621 1659 1501.

331 1694 479 1733 Comes
517 1695 667 1734 Petrus
707 1695 1010 1747 Szentgyorgyi
1047 1696 1276 1735 conventui
1313 1695 1508 1734 ecclesiae
1545 1695 1595 1734 de
1636 1695 2022 1734 Kolozsmonostor.

474 1808 745 1848 Mandatum
781 1807 1076 1849 resultationis
1107 1811 1184 1861 pro
1210 1810 1330 1861 parte
1357 1807 1551 1861 Ioannis
1596 1807 1741 1861 Ungor
1767 1806 1817 1847 de
1842 1805 2028 1847 Nddasd

331 1877 380 1918 in
406 1878 752 1932 possessionibus
767 1878 1093 1933 Szentrnargita,
1109 1879 1341 1919 Keresztur
1366 1881 1404 1919 et
1426 1878 1465 1918 F
1467 1877 1565 1926 elo'r,
1590 1882 1736 1919 contra
1755 1876 2027 1931 Stephanum
2039 1906 2075 1932 20

329 1948 559 1990 vaivodarn
594 1949 941 1991 lisolduoienseni
975 1963 1024 1990 ac
1056 1949 1232 1991 Clioban
1270 1948 1501 2004 (Bogdan)
1540 1948 1684 1999 filiurn
1718 1948 1922 1989 eiusdem.

474 2067 642 2109 Amicis
665 2068 756 2109 suis
780 2067 1056 2110 Reverendis
1080 2067 1325 2109 conventui
1348 2066 1558 2108 ecclesiae
1581 2066 1638 2107 de
1661 2065 2027 2108 Colosmonostra

332 2137 489 2178 Comes
514 2139 689 2188 Petrus,
718 2152 866 2181 comes
892 2139 946 2180 de
969 2138 1137 2181 Sancto
1163 2138 1354 2192 Georgio
1379 2142 1423 2179 et
1450 2137 1505 2179 de
1532 2137 1690 2192 Bozyn
1716 2136 1852 2178 iudex
1878 2135 2026 2177 curiae

327 2206 605 2250 Serenissimi
633 2209 847 2265 principis
875 2209 1047 2251 domini
1075 2208 1307 2251 Wladislai
1336 2208 1419 2250 Dei
1446 2208 1594 2263 gratia
1622 2207 1736 2262 regis
1765 2206 2026 2261 Hungariae

331 2282 375 2319 et
404 2279 649 2322 Bohemiae
676 2284 777 2330 eto,
807 2294 982 2322 necnon
1010 2280 1208 2322 vaivoda
1235 2279 1582 2321 Transsilvanus
1610 2282 1655 2320 et
1684 2291 1833 2320 comes
1858 2277 2025 2319 Siculo·
2039 2295 2076 2320 25

330 2362 443 2390 rum.
473 2350 734 2393 Amicitiam
762 2356 971 2406 paratam
1000 2365 1103 2393 curn
1129 2351 1311 2392 honore.
1342 2350 1585 2399 Noveritis,
1615 2349 1739 2404 quod
1765 2362 1868 2390 cum
1896 2348 2026 2390 iuxta

331 2424 532 2462 nostram
590 2421 870 2464 iudiciariam
928 2421 1289 2464 commissionem
1363 2421 1709 2475 litterarumque
1766 2423 2024 2461 nostrarum

331 2490 775 2543 adiudicatoriarum,
826 2492 1228 2535 sententionalium
1258 2506 1338 2547 pro
1365 2496 1495 2548 parte
1529 2489 1757 2546 Magnifici
1801 2489 2024 2544 Johannis

330 2560 486 2615 Ungor
506 2562 560 2604 de
583 2564 623 2604 N
626 2564 770 2605 adasd
791 2569 950 2606 contra
971 2564 1261 2618 Magnificum
1280 2564 1564 2618 Stephanum
1585 2560 1831 2603 vaivodam
1853 2560 2024 2601 Molda-

331 2631 530 2673 viensem
559 2647 611 2675 ac
640 2634 840 2684 Choban,
871 2635 958 2676 alio
987 2634 1169 2676 nomine
1198 2633 1388 2689 Bogdan
1416 2633 1605 2682 dictum,
1636 2632 1777 2674 filium
1807 2630 2071 2679 eiusdem,3o

142 2710 189 2738 30-
210 2702 284 2741 Apr-
332 2701 375 2742 in
404 2703 577 2745 octavis
605 2704 708 2746 festi
736 2705 868 2747 Beati
896 2705 1074 2760 Georgii
1101 2704 1314 2761 martyris
1342 2704 1387 2745 in
1415 2704 1548 2745 Anno
1576 2701 1759 2744 Domini
1787 2701 2023 2742 Millesimo

163 2764 239 2794 ¹499
331 2773 773 2828 quadringentesimo
803 2777 1093 2830 nonagesimo
1122 2789 1243 2817 nono
1272 2778 1504 2817 transacto
1534 2771 1767 2829 praeteriti
1796 2771 2022 2813 confecta-

333 2857 431 2883 rum
469 2844 687 2899 vobisque
741 2846 1025 2900 loquentium
1063 2851 1108 2888 et
1147 2846 1421 2888 directarum
1459 2845 1595 2886 homo
1632 2844 1688 2885 de
1725 2841 1829 2883 sede
1866 2846 2023 2883 nostra

331 2912 563 2955 iudiciaria
595 2929 673 2969 per
703 2929 784 2957 nos
815 2916 874 2958 ad
900 2917 946 2958 id
967 2917 1221 2972 specialiter
1252 2914 1556 2963 transmissus,
1590 2916 1826 2968 praesente
1869 2916 2021 2954 vestro

333 2983 607 3034 testimonio,
650 2986 708 3027 ad
749 2986 909 3028 faciem
950 2987 1240 3042 possessionis
1280 2984 1672 3039 Zenthmargytha
1726 2986 1918 3025 vocatae
1975 2982 2020 3024 in
2033 3001 2069 3027 35

333 3052 553 3095 comitatu
579 3055 750 3097 Zolnok
777 3057 977 3098 interiori
1004 3057 1241 3099 existentis
1268 3060 1313 3098 et
1341 3055 1539 3104 habitae,
1568 3053 1727 3096 vicinis
1754 3057 1799 3094 et
1827 3066 2021 3094 comme-

333 3122 478 3163 taneis
506 3122 705 3166 eiusdem
734 3126 953 3168 universis
981 3127 1091 3169 inibi
1119 3127 1316 3182 legitime
1345 3124 1606 3168 convocatis
1634 3128 1679 3166 et
1708 3122 2021 3179 praesentibus
