2209 3643
246 200 318 243 156
1003 195 1077 228 No.
1104 205 1174 239 117
1626 191 1700 245 [23.
1721 196 1811 241 Jan.
1837 196 1932 241 1528

387 327 451 368 Ut
477 326 626 368 nuntii
649 325 719 366 sui
744 324 1071 379 permittantur
1094 322 1156 363 ire
1180 321 1239 363 ad
1263 323 1539 366 Moscoviam
1564 336 1644 378 pro
1669 337 1932 378 comparan-

243 399 311 441 dis
339 396 517 440 sobellis
546 401 591 438 et
620 396 717 436 aliis
746 394 937 450 pellibus
966 398 1011 435 et
1040 393 1245 435 similiter
1273 393 1486 436 dentibus
1518 394 1736 450 [piscium]
1768 394 1933 450 quibus

242 470 414 523 indiget
434 466 492 508 ad
511 465 779 508 solvendum
798 464 1025 507 tributum
1045 464 1203 505 Turco.

386 537 634 585 Petierunt,
651 541 702 578 ut
719 536 928 577 dominus
943 548 1050 577 suus
1071 534 1293 576 voievoda
1309 535 1451 590 possit
1473 549 1619 577 emere
1634 535 1871 591 plumbum
1886 535 1932 576 in

240 623 375 664 regno
391 607 448 649 ad
462 607 706 662 tegendam
720 606 954 648 ecclesiam
971 620 998 647 a
1011 620 1058 648 se
1074 605 1361 648 aedificatam
1375 611 1436 655 et,
1452 611 1503 648 ut
1519 606 1603 648 hoc
1624 606 1771 661 ipsum
1786 606 1932 661 plum·
1971 620 1988 645 5

241 682 349 722 bum
365 679 626 720 dimittatur
652 677 781 719 educi
808 677 945 719 libere
971 677 1143 732 absque
1162 676 1385 719 solutione
1400 677 1705 732 cuiuscunque
1719 677 1929 719 thelonei.

383 751 450 791 De
487 749 600 790 duce
636 743 943 804 Visnyowski2
980 753 1026 790 et
1063 749 1278 790 thesauro
1316 748 1375 789 ad
1411 762 1515 790 eum
1551 747 1792 803 deportato
1829 761 1931 789 cum

239 835 387 863 sorore
415 820 522 862 olim
551 819 782 861 Bohdani3
809 819 1058 861 voievodae
1086 819 1382 861 restituendo.

384 893 452 933 De
482 892 616 932 Petro
646 890 884 939 voievoda‚
917 890 995 945 qui
1023 895 1091 932 est
1121 890 1166 931 in
1195 903 1333 944 regno
1367 889 1622 946 [Poloniae],
1652 894 1704 931 ut
1733 902 1864 931 nares
1892 889 1932 930 ei

240 962 616 1018 praeciderentur.
1950 977 1985 1003 io

383 1033 578 1076 Posthac
626 1031 796 1074 lzonieffl
822 1032 976 1073 retulit
999 1045 1005 1072 :
1060 1031 1273 1074 nuntium
1315 1031 1564 1073 voievodae
1608 1030 1827 1085 praedicti
1876 1044 1931 1072 ex

236 1104 398 1145 Turcia
423 1104 618 1153 rediisse,
647 1103 725 1158 qui
751 1108 851 1144 tota
877 1107 1051 1144 aestate
1077 1103 1166 1144 illic
1192 1101 1359 1144 mansit
1386 1102 1794 1157 imperatoremque
1820 1102 1929 1143 Tur-

238 1189 405 1225 corum,
441 1176 519 1224 ait,
555 1189 600 1216 se
634 1174 854 1216 instruere
888 1178 1047 1215 contra
1080 1173 1476 1216 christianitatem.
1513 1174 1752 1214 Praeterea
1774 1173 1931 1215 Caesa-

237 1260 329 1287 rem
352 1247 675 1301 Precopensem
698 1246 756 1286 ab
777 1245 934 1286 eodem
956 1244 1227 1299 imperatore
1248 1245 1497 1286 Turcorum
1519 1244 1784 1299 postulasse,
1806 1243 1931 1285 mitti

239 1317 323 1358 sibi
359 1318 460 1360 CCC
492 1317 751 1372 Janiczeros
787 1330 891 1358 cum
927 1315 1158 1370 pixidibus
1208 1315 1499 1357 manualibus
1534 1315 1592 1356 ad
1627 1314 1930 1369 expugnanda
1948 1332 1981 1359 15

235 1393 382 1430 castra
414 1382 495 1430 Μῑῑς
542 1388 708 1442 Regiae
753 1392 798 1429 et
831 1387 1026 1428 eundem
1061 1387 1380 1442 imperatorem
1413 1386 1661 1428 Turcorum
1694 1385 1740 1427 id
1772 1385 1928 1428 fecisse

237 1464 281 1501 et
310 1459 429 1514 ipsos
453 1459 712 1514 Janiczeros
739 1457 924 1506 misisse,
954 1463 999 1499 et
1027 1457 1214 1512 proinde
1242 1457 1494 1506 admonuit,
1523 1461 1574 1498 ut
1603 1457 1815 1498 Maiestas
1839 1457 1929 1499 Sua

237 1531 402 1572 iaceret
434 1530 601 1572 bonam
634 1529 936 1585 provisionem
968 1529 1013 1570 in
1045 1529 1204 1579 castris
1234 1528 1339 1578 suis,
1373 1542 1488 1583 quae
1519 1528 1656 1569 habet
1688 1527 1733 1568 in
1764 1528 1929 1569 finibus

237 1601 358 1656 regni
386 1606 430 1642 et
459 1601 611 1656 magni
639 1601 833 1642 ducatus
862 1600 1145 1641 Lithuaniae.

382 1672 638 1714 Postulavit
670 1677 898 1727 postremo
931 1671 1049 1712 idem
1079 1671 1242 1719 lzonz'ec,
1275 1674 1326 1712 ut
1357 1669 1569 1711 Maiestas
1601 1669 1741 1724 Regia
1770 1669 1927 1711 mittat
1945 1687 1979 1713 ρο

238 1743 295 1784 ad
323 1743 557 1785 dominum
585 1757 717 1785 suum
745 1742 1016 1784 voievodam
1045 1742 1242 1797 aliquem
1269 1740 1497 1782 hominem
1526 1740 1666 1782 fidum
1695 1745 1738 1782 et
1767 1740 1927 1781 discre-

237 1820 350 1863 tum,
387 1828 465 1868 per
499 1828 634 1869 quem
668 1813 804 1855 vellet
839 1813 1089 1868 significare
1124 1813 1288 1861 omnia,
1325 1826 1441 1867 quae
1476 1812 1706 1866 praefatus
1740 1810 1928 1852 nuntius

236 1885 329 1926 eius
352 1899 407 1926 ex
429 1886 592 1927 Tuscia
614 1885 788 1926 rediens
811 1884 874 1925 illi
896 1884 1112 1925 narravit.

381 1957 454 1997 Ad
484 1956 823 2011 propositionem
854 1956 964 1997 hanc
994 1955 1126 2010 Regia
1159 1955 1375 1996 Maiestas
1407 1953 1655 2008 respondit:
1692 1952 1849 1994 foedus
1880 1965 1926 1994 se

236 2027 593 2081 obsignaturum‚
616 2027 694 2068 sed
715 2026 928 2081 pecunias
949 2026 1056 2067 dare
1076 2039 1167 2066 non
1201 2038 1330 2080 posse
1352 2030 1535 2079 propter
1556 2023 1773 2065 continua
1793 2023 1924 2072 bella,
1940 2042 1978 2067 25

235 2097 398 2151 quibus
434 2099 673 2140 thesaurus
710 2097 1001 2146 exhauritur;
1042 2102 1274 2151 praeterea
1311 2095 1517 2137 solebant
1554 2108 1677 2149 reges
1715 2094 1926 2136 Poloniae

235 2174 333 2209 tum
365 2169 590 2223 palatinos
621 2169 863 2211 Valachiae
895 2168 1066 2216 iuvare,
1093 2167 1277 2222 quando
1298 2166 1382 2207 illis
1412 2170 1544 2207 erant
1566 2165 1782 2215 subiecti;
1804 2179 1924 2207 nunc

235 2244 388 2280 autem
413 2240 500 2281 alia
525 2246 590 2282 est
616 2254 764 2282 rerum
789 2239 968 2294 species.

637 2334 753 2378 (Acta
784 2333 1015 2368 Tomiciana
1047 2333 1122 2366 vol.
1159 2332 1209 2367 X.
1236 2342 1324 2377 pag.
1358 2332 1532 2370 10—11.)

1028 2461 1125 2502 117.
1942 2477 1977 2504 30

746 2558 965 2607 Istambol,
985 2569 1052 2610 23.
1072 2557 1288 2611 Ianuarii
1305 2557 1431 2610 1528.

316 2648 599 2700 Hieronymus
628 2647 753 2690 Kaski
781 2649 995 2700 palatinus
1020 2648 1267 2687 Siradiensis
1291 2646 1448 2698 Joanni
1476 2646 1559 2697 regi
1589 2644 1841 2695 Hungariae.

377 2747 568 2788 Nuntiat
611 2761 652 2788 se
698 2761 852 2801 magno
897 2747 1081 2787 exercitu
1127 2746 1182 2787 ad
1226 2745 1449 2786 auxilium
1491 2748 1734 2800 properare,
1780 2755 1923 2783 secum

234 2815 390 2857 ducens
421 2818 549 2858 etiam
578 2817 722 2868 filium
750 2818 895 2859 Radul
924 2817 1140 2858 vaivodae.

379 2924 474 2978 Ego
511 2925 614 2966 hinc
653 2925 814 2979 quinta
851 2925 922 2966 die
960 2923 1281 2965 discedam...
1322 2936 1402 2976 ego
1439 2922 1577 2963 etiam
1614 2934 1704 2961 non
1741 2918 1920 2960 veniam
1937 2935 1973 2961 35

236 2993 367 3042 solus,
410 2994 573 3035 ducam
614 3009 791 3036 mecum
833 2995 891 3036 ad
930 2995 1079 3035 minus
1120 2997 1222 3034 octo
1275 2992 1398 3033 milia
1453 2992 1674 3032 bonorum
1715 2989 1919 3044 equitum

378 3109 392 3129 ²
419 3111 564 3145 Recte:
619 3111 747 3145 Fedor
790 3106 1059 3148 Michalowicz
1105 3109 1428 3144 VViszniewiecki.
1538 3108 1552 3129 3
1576 3109 1732 3142 Nomen
1776 3109 1919 3143 sororis

233 3167 439 3202 incertum.
478 3169 518 3190 «4
551 3169 715 3209 Honiec‚
745 3170 882 3214 goniec
901 3186 947 3197 ==
967 3170 1148 3203 Courrier
1180 3180 1227 3203 zu
1259 3167 1410 3207 Pserde,
1446 3167 1643 3201 reitender
1675 3168 1788 3202 Bote.
