2209 3643
177 197 211 222 2.
241 187 334 224 Dec.
361 182 469 237 1512]
911 184 984 220 No.
1009 184 1154 218 80—81
1805 190 1874 226 105

995 312 1063 354 80.

603 423 870 472 Szttsclzawcz,
908 435 946 464 2.
985 422 1231 464 Deoembris
1268 433 1392 474 1512.

344 514 521 566 Bogdan
552 514 737 553 vaivoda
768 513 1005 552 Moldaviae
1036 512 1203 551 senatui
1234 511 1422 551 civitatis
1453 511 1708 550 Besztercze.

325 613 554 655 Iustitiam
583 613 677 654 eius
706 612 911 668 implorat
940 612 989 653 in
1018 625 1061 653 re
1091 611 1358 667 possessoria
1388 610 1621 652 cuiusdam
1651 609 1761 651 servi
1790 609 1876 657 sut,

148 697 165 723 5
183 684 386 726 Andreae
427 684 578 726 Faber.

327 791 573 846 Bogdanus
604 791 687 832 Dei
717 790 864 846 gratia
894 790 1104 831 dominus
1145 794 1190 831 et
1222 789 1422 831 vaivoda
1452 788 1575 843 regni
1606 787 1875 829 Moldaviae.

182 862 433 904 Prudentes
463 868 507 903 et
540 862 855 917 circumspecti
885 861 1070 910 domini,
1104 860 1240 902 vicini
1271 865 1315 901 et
1347 859 1480 901 amici
1510 859 1679 901 sincere
1710 859 1875 900 dilecti.

182 932 379 975 Litteras
400 947 481 988 pro
503 938 632 988 parte
662 933 869 974 Andreae
900 933 1058 981 Faber,
1082 931 1353 986 iobagionis1
1383 930 1526 972 nostri
1555 935 1600 972 et
1631 929 1877 971 instantiae

181 1004 288 1045 iuris
332 1004 516 1045 tramite
561 1004 726 1046 ductae
770 1018 849 1058 per
881 1003 1020 1044 etiam
1054 1002 1277 1044 Mathiam
1322 1006 1366 1043 et
1400 1001 1630 1043 hominem
1676 1005 1879 1043 vestrum

127 1086 164 1113 10
181 1075 340 1116 missas
373 1075 553 1117 abunde
586 1075 645 1116 ad
677 1088 874 1129 unguem
896 1074 1213 1122 intelleximus,
1241 1073 1319 1115 ubi
1344 1086 1425 1114 nos
1446 1072 1601 1114 favore
1634 1071 1880 1113 instantiae

182 1146 237 1187 de
271 1160 322 1187 eo
357 1146 479 1187 dicto
514 1146 715 1187 Andrea2
749 1146 804 1187 de
837 1145 970 1186 rebus
1005 1144 1204 1199 paternis
1239 1143 1675 1199 consanguineorum
1709 1142 1878 1184 scilicet

181 1230 366 1259 suorum
413 1217 568 1258 debito
614 1217 750 1258 modo
796 1216 1019 1258 iustitiam
1082 1215 1398 1257 administrare
1444 1214 1708 1262 faceremus,
1757 1213 1881 1268 quod

184 1288 323 1329 etiam
359 1301 455 1336 nos,
482 1287 590 1329 visis
616 1287 787 1329 iuribus
813 1292 857 1329 et
884 1287 1078 1328 testibus
1115 1286 1361 1328 eorundem
1399 1299 1500 1327 eam
1537 1284 1760 1326 iustitiam
1802 1284 1880 1326 ob-

182 1358 470 1407 audivimus;
499 1358 578 1400 sed
606 1357 725 1399 idem
753 1358 957 1399 Andreas
984 1357 1130 1399 Faber
1152 1357 1282 1398 nobis
1319 1356 1490 1406 retulit,
1530 1360 1582 1398 ut
1619 1355 1797 1411 genitor
1834 1359 1879 1397 et

126 1441 166 1468 15
182 1434 313 1485 pater
338 1429 584 1471 eorundem
610 1433 814 1484 tempore
839 1442 947 1470 suae
974 1428 1193 1470 infantiae
1217 1428 1276 1469 ad
1300 1432 1499 1482 quatuor
1527 1427 1697 1483 [annos]
1721 1425 1878 1468 viridis

182 1499 409 1542 sororibus
434 1499 525 1541 suis
552 1504 735 1542 centum
762 1500 956 1541 florenos
984 1499 1308 1554 Hungaricales
1328 1498 1387 1540 ad
1404 1498 1685 1540 sortiendum
1711 1497 1881 1539 eisdem

183 1571 316 1613 dictis
336 1571 562 1612 sororibus
590 1571 875 1626 praebuerat,
902 1571 956 1612 de
978 1570 1142 1625 quibus
1163 1569 1373 1611 centum3
1392 1569 1574 1610 florenis
1594 1568 1679 1610 sibi
1698 1568 1881 1624 penitus

183 1642 320 1684 nichil
352 1642 563 1691 dedisset,
595 1642 665 1683 uti
696 1646 740 1683 et
773 1656 875 1683 eum
907 1642 1151 1689 Andream,
1184 1640 1317 1682 sicuti
1347 1645 1392 1681 et
1424 1653 1499 1682 eas
1530 1639 1878 1682 concernuisset.

186 1714 474 1769 Quapropter
509 1726 719 1767 rogamus
754 1717 800 1754 et
835 1712 1103 1767 requirimus
1138 1725 1233 1760 vos,
1269 1711 1417 1766 gratia
1450 1711 1596 1752 bonae
1631 1709 1882 1752 vicinitatis

130 1796 168 1823 20
185 1789 230 1826 et
260 1784 512 1826 communis
541 1788 722 1825 nostrae
752 1784 966 1832 iustitiae,
997 1783 1236 1824 simulcum
1266 1782 1324 1823 ob
1353 1786 1608 1837 respectum
1638 1781 1880 1830 amicitiae,

186 1860 413 1910 quatenus
450 1855 598 1897 eidem
622 1855 830 1896 Andreae
856 1854 1001 1896 Faber
1027 1854 1081 1895 de
1107 1852 1260 1895 dictis4
1285 1853 1467 1894 florenis
1493 1857 1677 1894 centum
1703 1852 1881 1894 divisis⁵

186 1926 441 1981 portionem
492 1939 621 1968 suam
671 1930 717 1967 et
768 1925 1114 1967 convenientem
1164 1928 1271 1965 ante
1322 1923 1591 1965 divisionem
1641 1922 1881 1964 extradare

187 1997 402 2046 debeatis,
427 2001 472 2038 et
495 2001 674 2039 caetera
695 1996 978 2038 remanentia
999 2010 1051 2037 eo
1073 1995 1286 2050 expedito
1309 1995 1367 2036 ad
1390 1999 1480 2036 tres
1503 1998 1655 2050 partes
1676 1993 1883 2035 similiter

185 2068 393 2123 bipartiri
411 2072 456 2109 et
476 2068 691 2117 dividere,
712 2068 941 2109 mediante
968 2066 1075 2108 iuris
1098 2065 1288 2107 faciatis.

131 2151 169 2177 25
303 2140 450 2181 Datae
470 2153 525 2181 ex
545 2153 644 2180 arce
661 2137 1020 2186 chhwaniensi,
1045 2137 1155 2178 feria
1178 2136 1339 2190 quinta
1358 2140 1461 2190 post
1484 2135 1652 2178 festum
1675 2135 1882 2177 Andreae

187 2210 393 2265 apostoli.
419 2210 552 2252 Anno
575 2209 834 2251 Millessimo
857 2207 1217 2263 quingentesimo
1249 2206 1530 2249 duodecimo.

327 2299 353 2339 Ι
355 2300 561 2339 ntitulatio
580 2314 594 2340 ,·
630 2299 915 2339 Prudentibus
942 2303 983 2337 et
1011 2297 1324 2349 circumspectis
1338 2297 1519 2336 dominis
1533 2297 1661 2336 iudici
1675 2300 1717 2336 et
1731 2296 1882 2336 iuratis

187 2358 375 2399 civitatis
400 2359 633 2405 Bistriciae,
661 2359 811 2398 vicinis
837 2363 879 2397 et
906 2358 1051 2396 amicis
1076 2357 1235 2396 sincere
1260 2356 1434 2396 dilectis.

267 2444 491 2490 (Originale.
507 2445 727 2480 Arehivum
741 2444 957 2480 comitatus
971 2442 1361 2483 Beszterczenaszod‚
1374 2443 1615 2478 Besztercze.
1626 2442 1700 2476 No.
1711 2442 1812 2487 560.)

134 2599 172 2625 30
1001 2583 1071 2624 81.

850 2681 1020 2735 [Euda
1059 2680 1215 2732 1513.Ᾰῖ

248 2773 300 2812 W
304 2773 502 2812 ladislaus
527 2773 584 2812 II.
611 2785 685 2811 rex
710 2771 953 2822 Hungariae
977 2769 1218 2809 Basarabae
1243 2769 1315 2809 IV.
1342 2769 1551 2808 vaivodae
1574 2768 1813 2808 Valachiae.

338 2872 411 2913 Ad
449 2871 676 2913 vaivodam
716 2869 1129 2925 Transalpinorztm,
1176 2872 1223 2908 ut
1250 2867 1405 2909 nuntio
1436 2881 1529 2917 sno,
1573 2867 1790 2916 ilIartinQ
1827 2867 1884 2908 ad

191 2956 289 2983 enm
320 2943 452 2984 misso
479 2942 613 2994 fidem
645 2942 775 2983 daret.

137 3058 172 3084 35
333 3036 601 3091 Spectabilis
627 3040 672 3078 et
700 3034 938 3090 Magnifice
965 3033 1111 3075 fidelis
1136 3032 1268 3073 nobis
1293 3032 1462 3074 sincere
1490 3032 1664 3074 dilecte.
1695 3031 1886 3073 Remisi-

336 3164 351 3185 1
368 3163 418 3197 In
434 3163 615 3209 originali
631 3174 638 3197 :
660 3163 871 3208 iobagiom'.
905 3162 919 3183 ²
937 3162 1130 3196 Andreae.
1171 3161 1185 3182 ³
1203 3162 1292 3207 Quo
1309 3164 1476 3196 centem.
1511 3156 1528 3180 4
1545 3161 1665 3196 dicto.
1705 3155 1721 3181 5
1743 3160 1884 3196 diviso.
