2209 3643
197 188 258 224 31.
278 178 375 214 Maii
397 171 508 227 15²9]
897 174 973 210 No.
998 184 1192 220 150—151
1829 181 1897 214 191

1000 326 1099 368 150.

764 436 923 486 Torda,
952 448 1024 489 31.
1053 436 1178 478 Maii
1205 447 1334 490 1529.

321 529 520 569 Nicolaus
545 527 725 568 Gerendi
751 527 973 579 episcopus
998 527 1313 578 Transylvanus
1334 526 1601 566 Ferdinando
1622 526 1654 565 I.
1683 525 1780 577 regi.

340 627 508 670 Relatio
531 626 658 682 legati
681 626 737 668 M
740 626 896 668 oldavi.
924 625 1161 668 Sultanum
1176 626 1326 681 ipsum
1349 629 1576 667 venturum
1591 639 1692 667 esse.
1717 624 1900 666 Katzia—

166 713 183 739 5
199 713 276 741 ner
301 699 405 742 illuc
430 698 679 747 mittendus,
706 711 760 739 ne
785 711 962 752 regnum
986 696 1120 748 finem
1144 697 1385 752 pessimum
1410 696 1570 739 subeat.

344 806 617 862 Scripseram
648 809 790 860 nuper
823 804 873 846 de
907 803 1145 846 intentione
1177 804 1234 845 M
1237 803 1393 845 oldavi.
1428 803 1549 845 Dum
1583 802 1632 844 in
1665 802 1744 844 hac
1777 806 1901 857 parte

199 877 442 920 litterarum
475 877 726 926 laborarem,
762 875 952 917 redditae
986 879 1087 916 sunt
1120 875 1284 916 litterae
1318 888 1345 916 a
1378 874 1511 925 fratre
1545 877 1688 915 nostro
1723 873 1899 915 domino

198 948 486 997 vicevaivoda,
518 947 596 1003 qui
625 946 780 989 scribit
810 945 870 988 ad
899 959 1003 987 eum
1033 950 1071 987 et
1099 959 1245 987 omnes
1273 959 1367 994 nos,
1399 949 1607 987 oratorem
1636 958 1662 986 a
1691 944 1747 986 M
1750 944 1899 986 oldavo

198 1019 379 1068 venisse,
413 1019 506 1061 iam
539 1018 623 1061 sibi
656 1018 909 1073 legationem
941 1017 1067 1059 dixit.
1103 1016 1287 1058 Summa
1320 1016 1415 1058 eius
1447 1015 1673 1070 legationis
1707 1019 1767 1057 est
1798 1015 1900 1065 ista,

147 1103 182 1129 10
197 1091 310 1147 quod
338 1090 433 1145 ipse
461 1094 572 1132 totus
601 1093 662 1131 est
687 1089 721 1143 J
724 1088 883 1131 oannis
911 1087 1215 1143 Scepusiensis
1244 1092 1281 1129 et
1308 1087 1457 1129 omnia
1484 1090 1563 1142 pro
1592 1100 1637 1128 eo
1664 1086 1806 1139 saciet,
1837 1086 1900 1127 sic

199 1162 292 1218 ipsi
329 1175 378 1203 ac
417 1159 789 1216 Transalpinensi
826 1173 852 1201 a
892 1159 1036 1200 Turca
1074 1172 1162 1200 esse
1199 1158 1491 1206 commissum,
1530 1157 1655 1209 refert
1690 1157 1898 1206 hortatur,

199 1237 247 1274 ut
265 1232 299 1287 J
301 1231 439 1274 oanni
458 1232 782 1273 adhaereamus.
804 1230 922 1272 Eum
942 1244 1040 1271 eum
1060 1229 1260 1271 omnibus
1280 1229 1399 1284 regni
1419 1228 1491 1270 sui
1511 1228 1676 1270 viribus
1695 1231 1901 1283 paratum

200 1316 319 1353 esse;
357 1317 383 1344 a
419 1303 579 1345 nostris
615 1301 970 1357 exploratoribus,
1009 1300 1372 1354 intelligebamus
1407 1312 1528 1340 nunc
1565 1298 1704 1340 etiam
1741 1311 1901 1340 causas

200 1374 334 1430 ipsas,
359 1373 408 1415 in
442 1373 641 1429 partibus
678 1371 993 1427 Transalpinis
1030 1372 1273 1412 Turcarum
1306 1370 1631 1412 multitudinem
1665 1383 1752 1411 esse
1786 1383 1901 1411 nun-

148 1457 184 1484 15
200 1445 293 1487 tiat.
326 1445 493 1486 Iterum
522 1445 630 1495 flens
661 1458 711 1485 ao
738 1457 907 1498 gemens
939 1442 1154 1498 supplico,
1176 1442 1320 1483 iubeat
1348 1441 1598 1483 Catzianer1
1624 1441 1903 1483 Varadinum

199 1529 347 1558 versus
363 1515 520 1564 venire,
539 1519 589 1564 et,
605 1514 645 1556 si
661 1528 828 1556 necesse
845 1514 938 1563 erit,
957 1514 1040 1554 liue
1057 1513 1219 1555 intrare
1246 1513 1316 1553 vel
1331 1516 1463 1567 caput
1477 1512 1511 1566 J
1514 1511 1672 1553 oannis
1685 1511 1897 1567 persequi.

202 1587 333 1629 Alias
363 1586 414 1628 de
443 1599 568 1641 regno
598 1586 655 1627 M
658 1579 698 1604 ‘¹³
732 1585 828 1627 Vm
858 1599 908 1626 ac
938 1584 1061 1626 nobis
1093 1583 1293 1626 omnibus
1335 1587 1478 1624 aetum
1509 1583 1599 1624 erit.
1650 1583 1717 1624 De
1756 1583 1900 1623 Turca

201 1662 300 1700 ante
319 1657 474 1713 viginti
494 1661 581 1699 octo
601 1657 692 1698 dies
713 1656 762 1698 in
782 1656 838 1697 M
841 1650 900 1674 Μ
936 1656 1045 1698 me
1066 1668 1115 1696 ae
1140 1668 1269 1710 regna
1301 1654 1395 1696 eius
1427 1653 1476 1695 in
1502 1657 1687 1709 persona
1719 1653 1900 1695 movisse

201 1728 438 1771 Moldavus
462 1732 569 1770 certo
602 1727 758 1769 certius
788 1727 907 1769 dicit.
940 1726 994 1768 Si
1025 1726 1168 1767 auditi
1197 1725 1448 1778 fuissemus,
1481 1724 1521 1766 si
1551 1723 1780 1766 Catzianer
1809 1728 1895 1766 tra-

151 1813 187 1839 20
202 1799 370 1842 iecisset
411 1799 688 1841 Varadinum
726 1812 887 1847 versus,
928 1797 978 1838 de
1016 1796 1192 1850 Joanne
1230 1796 1396 1837 dudum
1434 1799 1577 1837 actum
1614 1795 1782 1847 suisset,
1823 1808 1902 1837 nec

205 1870 374 1912 Turcus
394 1870 444 1912 in
462 1884 541 1912 nos
562 1870 757 1911 venisset.
781 1868 833 1911 Si
848 1868 1065 1910 Maiestas
1085 1868 1162 1909 Vm
1184 1871 1314 1909 totam
1328 1866 1688 1908 christianitatem
1714 1880 1892 1908 servare.

203 1941 322 1991 volet,
353 1941 524 1994 festinet
537 1954 554 1988 ,·
589 1946 674 1983 etc.

349 2012 421 2054 Ex
450 2012 739 2066 Hamburga2
774 2010 922 2066 prima
950 2009 1116 2065 Aprilis
1145 2021 1264 2050 anno
1295 2018 1419 2063 1529.

342 2105 567 2151 (Originale.
603 2105 892 2145 Staatsarchiv,
937 2104 1064 2138 VVien.
1112 2103 1354 2148 Hungarica.
1409 2102 1572 2136 Edidit:
1628 2102 1777 2136 Archiv
1831 2103 1902 2137 des

150 2178 190 2205 25
204 2166 391 2202 Vereines
416 2166 480 2200 fiir
507 2165 856 2210 siebenbfirgische
886 2163 1183 2199 Landeskunde
1210 2162 1288 2196 vol.
1314 2164 1373 2196 26.
1398 2172 1488 2207 pag.
1513 2161 1616 2206 665.)

994 2326 1097 2369 151.

701 2437 908 2485 Κγαιεόω,
942 2436 1057 2490 [fine
1087 2434 1214 2476 Mau
1215 2435 1242 2487 J
1275 2445 1402 2488 1529.

330 2529 481 2567 Petrus
506 2527 696 2567 Tomicki
716 2526 1082 2567 vicecancellarius
1105 2525 1372 2576 Sigismundo
1393 2525 1426 2564 I.
1455 2524 1540 2576 regi
1566 2523 1778 2563 Poloniae.

349 2626 415 2668 De
438 2626 565 2679 salsis
590 2626 772 2668 monetis
793 2625 1018 2668 Polonicis
1043 2625 1093 2667 in
1117 2624 1174 2666 M
1176 2623 1347 2666 oldavia
1372 2623 1525 2666 cussis.

155 2756 192 2783 30
351 2732 498 2773 Multa
524 2731 709 2786 quidem
735 2731 808 2774 hic
833 2730 992 2786 gravia
1019 2734 1064 2772 et
1091 2729 1276 2784 indigna
1301 2733 1488 2784 propter
1525 2728 1782 2771 absentiam
1820 2722 1907 2770 Mtis

206 2802 296 2844 Vrae
319 2802 671 2844 committuntur
694 2816 746 2844 ac
769 2803 901 2850 fiunt,
939 2806 984 2843 et
1020 2813 1138 2855 quae
1173 2799 1219 2841 in
1254 2799 1505 2841 maximum
1542 2813 1645 2841 cum
1680 2793 1762 2840 Mt³⁵
1796 2799 1899 2847 Vm,

208 2876 308 2914 tum
332 2872 570 2915 universae
594 2872 867 2928 reipublicae
892 2871 1016 2926 regni
1041 2870 1109 2912 sui
1134 2874 1328 2924 vergunt
1353 2869 1705 2912 incommodum.
1732 2870 1902 2911 Verum

206 2946 362 2985 tamen
398 2943 484 2985 hoc
519 2943 750 2998 praecipui
787 2941 1008 2984 momenti
1044 2940 1155 2982 mihi
1191 2953 1286 2982 esse
1323 2940 1519 2989 videtur,
1558 2940 1682 2995 quod
1718 2939 1902 2995 plurimi

207 3013 412 3055 homines
441 3017 487 3055 et
517 3017 681 3062 status,
713 3013 882 3068 partim
914 3012 959 3054 in
987 3011 1141 3060 Slesia,
1174 3011 1342 3066 partim
1372 3011 1418 3052 in
1449 3010 1700 3065 Hungaria,
1732 3010 1901 3065 partim

155 3154 192 3180 35
356 3154 370 3175 1
388 3154 564 3199 Joannes
592 3154 822 3189 Katzianer.
957 3153 971 3174 ²
993 3153 1146 3187 Datum
1176 3152 1311 3187 fictive
1340 3152 1583 3198 appositum.
