2209 3643
191 209 251 244 27.
273 199 362 244 Jan.
392 192 500 246 1519]
962 194 1036 228 No.
1060 194 1106 238 87
1812 198 1884 232 117

192 329 429 386 postulans
461 328 694 384 praefatus
727 330 992 381 procurator
1026 323 1235 365 annotati
1269 321 1435 365 actoris
1468 321 1513 362 in
1546 333 1738 376 persona
1771 319 1884 361 eius-

193 401 296 442 dem
319 414 375 442 ex
397 404 525 454 parte
547 397 786 440 memorati
809 396 978 439 domini
1000 394 1218 450 Stephani
1240 393 1463 435 vaivodae
1485 391 1682 434 convicti
1703 404 1783 446 per
1804 403 1886 431 nos

193 471 278 513 sibi
298 470 343 512 in
363 469 617 525 praemissis
637 468 958 510 discussionem
979 471 1022 508 et
1043 467 1223 508 finalem
1244 463 1613 506 deliberationem
1633 460 1852 517 impertiri
1876 474 1884 511 ;

194 555 353 584 verum
371 541 478 595 quia
494 540 688 596 praefati
707 539 942 594 Philippus
961 538 1015 579 de
1033 537 1284 593 Mykehaza
1301 540 1454 577 noster
1470 538 1514 576 et
1534 533 1673 576 frater
1690 532 1887 574 Mathias

162 629 179 654 5
195 612 404 655 sacerdos
419 617 568 654 vester
582 610 786 653 homines
811 610 881 651 die
902 610 946 650 in
968 607 1281 663 praesentibus
1302 605 1464 648 litteris
1485 606 1646 647 vestris
1667 603 1888 646 relatoriis

195 696 419 738 expreSSO,
446 681 691 738 specificati
717 681 846 723 iuxta
870 684 1211 736 praenarratam
1236 678 1448 720 iteratam
1474 681 1677 718 nostram
1703 674 1887 717 iudicia-

195 757 308 798 riam
350 754 710 796 commissionem
770 752 1115 805 litterarumque
1155 753 1413 791 nostrarum
1455 746 1891 789 adiudicatoriarum

196 825 530 869 antedictarum
565 824 727 866 exinde
762 824 1070 865 confectarum
1105 819 1433 862 continentiam
1469 817 1527 859 ad
1561 817 1889 873 praescriptam

195 896 521 954 possessionem
573 894 992 950 Zenthmargytha.
1018 927 1057 934 ..
1113 892 1272 934 vicinis
1324 895 1369 932 et
1423 888 1744 931 commetaneis
1797 887 1891 929 suis

142 983 177 1009 10
196 967 416 1011 universis
465 966 575 1008 inibi
624 966 822 1021 legitime
872 964 1132 1006 convocatis
1181 968 1226 1005 et
1276 959 1590 1017 praesentibus
1639 958 1888 1007 accessisse,

196 1039 349 1094 ibique
371 1042 468 1080 tam
491 1037 784 1093 praemissam
807 1036 939 1079 unius
962 1048 1138 1077 marcae
1161 1033 1258 1076 auri
1280 1032 1566 1080 solutionem,
1591 1045 1730 1086 quam
1751 1030 1891 1072 etiam

197 1110 349 1153 omnia
367 1109 454 1151 alia
471 1114 515 1150 et
533 1109 657 1150 sui„
670 1107 903 1163 ..praefatis
920 1106 1082 1148 litteris
1102 1105 1267 1147 nostris
1290 1102 1628 1146 adiudicatoriis
1658 1101 1890 1155 confflem}-

197 1186 330 1236 ptum
369 1180 614 1222 earundem
655 1177 982 1221 continentiam
1010 1182 1055 1219 et
1082 1182 1286 1219 tenorem
1325 1176 1490 1217 iterata
1528 1174 1625 1215 vice
1664 1185 1890 1228 peragere,

198 1252 469 1306 debitaeque
494 1250 787 1305 exequutioni
828 1248 1094 1292 demandari
1118 1248 1311 1291 voluisse
1337 1260 1388 1288 ac
1413 1244 1672 1301 praefatum
1699 1243 1892 1285 Paulum

144 1338 179 1364 15
196 1322 443 1366 udvarbiro
486 1322 668 1364 nomine
712 1327 755 1364 et
800 1321 845 1362 in
888 1333 1173 1375 persona...
1220 1317 1391 1361 domini
1435 1316 1625 1372 Bogdan
1669 1314 1892 1356 vaivodae

199 1393 550 1448 Mondaviensis}
588 1392 805 1441 defuncti,
842 1392 1013 1434 domini
1047 1390 1214 1432 scilicet
1248 1389 1332 1438 sui,
1367 1388 1579 1430 manibus
1614 1386 1812 1428 exaratis
1848 1388 1893 1426 et

199 1465 470 1521 potentiarie
505 1464 747 1519 evaginato
781 1463 944 1518 gladio,
980 1461 1239 1504 huiusmodi
1273 1459 1564 1502 Viceiteratae
1599 1454 1893 1512 exequutioni

199 1536 424 1578 violenter
471 1535 689 1577 restitisse
740 1535 1010 1589 eosdemque
1057 1537 1264 1574 nostrum
1312 1536 1358 1572 et
1406 1534 1610 1571 vestrum
1663 1526 1895 1583 {homines}

200 1607 455 1649 litterarum
491 1610 750 1647 nostrarum
787 1604 1218 1648 adiudicatoriarum
1255 1601 1462 1657 potentia
1497 1599 1727 1642 mediante
1763 1611 1895 1653 repu-

147 1694 183 1720 20
201 1678 303 1720 lisse
321 1692 329 1729 ;
359 1678 550 1732 ideoque
569 1676 849 1732 praescripta
865 1675 1098 1719 iudiciaria
1116 1678 1273 1716 nostra
1293 1672 1549 1714 commissio
1570 1669 1751 1713 efiectui
1771 1682 1899 1711 man-

202 1749 340 1804 cipari
381 1747 785 1802 executionemque
823 1747 1025 1789 debitam
1067 1746 1135 1787 for
1167 1748 1465 1799 ---propter,
1500 1742 1623 1797 quod
1663 1741 1898 1796 praefatus

203 1820 413 1862 dominus
452 1819 711 1874 Stephanus
752 1818 964 1866 vaivoda,
999 1817 1044 1858 in
1079 1829 1214 1871 quem
1256 1814 1423 1856 scilicet
1466 1817 1648 1855 mortuo
1691 1811 1898 1866 praefato

203 1891 397 1933 condam
434 1890 653 1945 Bogdano
690 1889 902 1939 vaivoda,
941 1892 1072 1944 patre
1108 1900 1203 1936 suo,
1243 1898 1453 1941 praesens
1490 1897 1640 1932 causa,
1679 1887 1731 1924 ut
1769 1895 1896 1937 prae-

203 1961 432 2017 mitti[tur]
465 1999 547 2002 ---
567 1960 858 2015 violentaque
910 1958 1162 2015 repulsione
1215 1957 1442 1999 dictorum
1483 1954 1627 1996 nostri
1668 1958 1713 1996 et
1754 1951 1895 1994 vestri

150 2049 185 2075 25
203 2032 439 2075 hominum
470 2036 514 2074 et
545 2046 636 2074 non
668 2031 938 2073 admissione
969 2028 1168 2072 eiusdem
1198 2027 1488 2070 viceiteratae
1518 2030 1700 2067 nostrae
1731 2023 1896 2065 delibe-

203 2103 392 2146 rationis
447 2108 586 2158 atque
630 2102 969 2150 commissionis,
1014 2100 1059 2141 in
1103 2102 1417 2153 contemptum
1454 2135 1528 2138 n-
1562 2093 1898 2138 deliberationis

203 2179 385 2217 nostrae
417 2179 461 2216 et
494 2179 653 2216 contra
684 2174 877 2215 formam
910 2178 1047 2227 atque
1079 2174 1295 2212 contenta
1325 2168 1541 2223 generalis
1573 2166 1742 2209 decreti
1772 2164 1898 2219 regni

206 2245 480 2300 Hungariae,
530 2248 945 2300 consequenterque
992 2241 1193 2297 partium
1239 2240 1429 2282 istarum
1475 2238 1899 2280 Transsilvanarum

206 2316 324 2358 inter
350 2320 527 2357 caetera
553 2330 687 2371 super
705 2353 786 2356 ---
810 2315 855 2356 in
881 2318 992 2356 nota
1018 2326 1095 2354 seu
1120 2311 1222 2353 labe
1248 2314 1493 2366 perpetuae
1519 2307 1815 2356 infidelitatis,
1843 2320 1899 2348 ex

152 2404 186 2430 30
207 2401 350 2442 eoque
382 2386 427 2427 in
457 2386 685 2429 sententia
714 2385 897 2441 capitali
928 2398 979 2426 ac
1009 2382 1247 2424 amissione
1276 2380 1567 2437 proprietatis
1596 2384 1641 2421 et
1672 2376 1900 2434 perpetui-

208 2457 320 2499 tatis
343 2462 611 2499 cunctorum
634 2456 799 2498 iurium
823 2453 1276 2511 possessionariorum
1297 2490 1379 2494 „-
1401 2451 1521 2493 intra
1551 2450 1776 2492 ambitum
1799 2461 1900 2503 par-

208 2528 323 2570 tium
359 2527 551 2570 istarum
584 2527 1009 2570 Transsilvanarum
1045 2523 1338 2567 existentium
1373 2527 1417 2564 et
1453 2521 1716 2563 habitarum
1751 2519 1901 2574 ipsum

206 2599 352 2640 solum
384 2598 562 2654 proprie
594 2603 639 2640 et
673 2597 870 2653 praecise
903 2594 1269 2638 concernentium
1301 2593 1346 2634 in
1379 2592 1557 2634 duabus
1588 2591 1754 2633 nostris
1786 2588 1900 2630 iudi-

210 2669 357 2710 ciariis
388 2669 612 2724 [sed]ibus,
641 2668 687 2710 in
714 2673 985 2724 perpetuum
1013 2664 1399 2708 devolvendarum
1426 2668 1471 2704 et
1498 2660 1901 2704 redundandarum

156 2759 191 2786 35
208 2739 339 2781 iuxta
375 2739 469 2781 vim
507 2744 553 2782 et
591 2740 785 2781 formam
824 2736 1111 2794 praescriptis
1148 2734 1366 2790 generalis
1404 2732 1572 2775 decreti
1611 2730 1819 2774 convinci
1857 2732 1902 2770 et

210 2810 448 2865 aggravari
485 2810 647 2852 debere
683 2809 814 2852 nobis
852 2823 903 2850 ac
945 2807 1086 2863 [sedis]
1127 2804 1370 2847 iudiciariis
1407 2803 1567 2845 iuratis
1605 2800 1902 2844 assessoribus

209 2880 446 2922 nobiscum
473 2880 518 2921 in
550 2880 716 2922 iudicio
747 2885 791 2922 et
825 2878 1031 2921 examine
1062 2875 1311 2932 praesentis
1344 2888 1505 2916 causae
1537 2871 1901 2920 consedentibus,

210 2950 444 3005 perspicue
484 2951 828 3006 agnoscebatur,
863 2963 944 3005 pro
985 2962 1037 2990 eo
1076 2960 1157 2989 nos
1198 2960 1253 2988 ex
1293 2945 1483 2987 scientia
1522 2949 1680 2985 nostra
1719 2941 1903 2998 speciali

211 3021 464 3063 iuratorum
503 3035 777 3063 assessorum
815 3019 1022 3075 quaesito
1072 3022 1117 3059 et
1169 3020 1404 3071 assumpto
1442 3014 1681 3070 superinde
1720 3012 1905 3056 consilio

156 3112 193 3139 40
211 3096 530 3146 praematuro:
578 3092 795 3134 Nolentes
837 3091 977 3146 ipsius
1020 3088 1213 3130 condam
1257 3086 1447 3142 Bogdan
1492 3085 1715 3127 vaivodae
1758 3089 1803 3126 et
1848 3096 1904 3124 ex

213 3162 507 3216 consequenti
546 3162 643 3217 ipso
684 3162 850 3204 scilicet
892 3160 1087 3202 deceden
1113 3196 1195 3200 „—
1226 3157 1488 3199 temerarias
1528 3156 1905 3208 viceiteratasque
