2209 3643
182 183 278 228 Apr.
317 176 427 235 1476]
962 183 1037 218 No.
1063 185 1107 218 16
1834 192 1881 228 17

182 312 407 361 subditus,
437 317 606 362 teneor,
634 312 713 354 sed
739 317 783 354 et
812 326 1104 368 quascunque
1136 326 1320 368 possum
1342 312 1610 356 christianas
1624 312 1883 368 provincias

183 397 210 425 a
246 383 444 425 nefando
476 388 708 426 vastatore
735 383 1015 425 defendam.1
1043 384 1276 439 Quidquid
1301 388 1455 426 autern
1480 383 1712 426 admiserit
1738 384 1877 435 Deus,

182 454 277 496 sive
318 468 597 511 prosperum,
631 454 726 496 sive
756 454 1011 503 adversum,
1038 455 1283 497 Sanctitati
1303 457 1392 497 V¹³⁰
1411 455 1661 511 significare
1690 455 1874 506 curabo,

181 539 320 580 quam
355 539 436 568 ceu
469 525 671 567 omnium
705 524 1054 566 christianorum
1099 531 1335 581 parentem
1369 531 1604 568 exoratam
1639 526 1790 577 velim,
1825 531 1879 569 ut

146 609 164 634 5
181 596 334 638 taliter
355 611 458 638 cum
481 595 667 638 caeteris
688 595 1006 651 potentatibus
1027 597 1256 638 communi
1278 597 1476 653 periculo
1499 598 1729 639 consulere
1751 597 1878 649 velit,

181 667 304 721 quod
317 667 495 722 pondus
515 667 599 709 hoc
627 667 685 708 ad
704 680 775 708 me
795 671 840 708 et
861 680 1047 721 regnum
1068 681 1219 709 meum
1240 668 1375 710 modo
1395 682 1576 724 prorsus
1591 668 1876 720 devolutum,

181 738 409 780 communi
438 742 674 781 avertatur
702 737 883 780 auxilio.
924 737 1184 780 Altissimus
1214 739 1516 781 Sanctitatem
1548 740 1649 780 Vram
1671 739 1876 795 regimini

179 809 389 852 ecclesiae
421 823 527 851 suae
559 813 744 851 sanctae
776 809 1046 851 incolumem
1079 822 1344 852 conservare
1376 810 1598 865 dignetur.

318 880 491 922 Datum
524 881 570 922 in
608 880 953 930 Peterwaradia,
975 880 1112 922 tertio
1131 880 1202 922 die
1227 880 1392 922 mensis
1424 881 1708 924 Novembris.
1742 883 1875 924 Anno

125 964 161 990 10
180 951 363 992 Domini
394 951 631 993 Millesimo
661 951 1106 1007 quadringentesimo
1139 952 1473 1007 septuagesimo
1493 952 1685 1007 quinto;
1719 967 1875 1008 regno-

178 1036 278 1063 rurn
312 1036 515 1064 meorum
548 1037 667 1064 anno
693 1022 954 1077 Hungariae
986 1027 1070 1065 etc.
1106 1022 1281 1065 decimo
1300 1027 1479 1072 octavo,
1501 1023 1745 1065 Bohemiae
1767 1038 1874 1066 vero

179 1093 386 1148 septimo.

325 1165 541 1207 Eiusdem
574 1165 762 1207 Vestrae
793 1164 1063 1207 Sanctitatis
1097 1165 1291 1207 devotus
1324 1165 1440 1207 filius

324 1236 522 1278 Mathias
556 1236 640 1278 Dei
672 1236 819 1291 gratia
852 1250 929 1278 rex
963 1236 1238 1291 Hungariae,
1274 1236 1520 1279 Bohemiae
1554 1241 1639 1278 etc.

123 1337 163 1364 15
1150 1326 1223 1368 Ad
1255 1326 1512 1368 mandatum
1545 1326 1715 1368 domini
1749 1326 1873 1382 regis.

324 1413 552 1459 (Originale.
588 1414 777 1448 Archivio
810 1414 851 1448 di
882 1414 1012 1455 Stato,
1042 1415 1226 1449 Venezia.
1263 1415 1392 1449 Busta
1426 1425 1486 1456 29.
1522 1414 1597 1449 No.
1634 1425 1669 1458 3.
1706 1415 1874 1449 Edidit:

176 1473 283 1507 Mon.
302 1473 435 1518 Hung.
456 1473 562 1507 Hist.
582 1473 685 1508 Acta
702 1477 840 1508 extera
856 1474 933 1507 vol.
946 1474 1014 1507 IV.
1032 1484 1122 1519 pag.
1142 1484 1356 1517 310—311.
1387 1474 1651 1509 Monumenta
1677 1474 1876 1509 Vaticana

177 1531 241 1578 Ilo
267 1542 357 1577 pag.
394 1543 606 1566 101—102.
635 1533 810 1567 Fraknoi
835 1532 859 1567 1.
887 1543 919 1567 c.
947 1533 1025 1567 vol.
1054 1533 1085 1567 Ι.
1114 1544 1203 1578 pag.
1233 1533 1464 1579 317—318.)

988 1651 1061 1693 16.

121 1758 159 1784 ’20
669 1749 847 1802 [R0ma‚
868 1748 994 1790 initio
1015 1748 1190 1804 Aprilis
1208 1749 1364 1802 1476]

306 1839 452 1879 Sixtus
486 1840 557 1879 IV.
593 1839 786 1891 pontifex
820 1840 1110 1878 Romanorum
1141 1838 1327 1877 Mathiae
1360 1839 1445 1890 regi
1478 1838 1733 1889 Hungariae.

324 1939 496 1981 Favens
510 1939 714 1994 petitioni
739 1938 954 1993 Stephani
979 1938 1198 1987 vaz'vodae,
1222 1938 1401 1979 Petrum
1421 1937 1673 1993 episcopum
1693 1938 1749 1978 M
1752 1938 1869 1980 olda-

175 2011 271 2052 viae
301 2010 539 2062 confirmat.
572 2011 668 2052 Hac
697 2010 746 2051 de
774 2024 906 2051 causa
934 2009 1170 2064 pecuniam
1198 2009 1329 2050 mittit
1355 2009 1455 2063 regi.

322 2104 588 2146 Charissime
610 2105 655 2146 in
677 2104 854 2147 Christo
875 2104 937 2145 fili
957 2108 1110 2145 noster
1130 2107 1214 2145 etc.
1240 2103 1442 2144 Fuerunt
1464 2102 1587 2158 apud
1607 2116 1689 2144 nos
1711 2103 1870 2145 diebus

119 2199 161 2225 25
175 2175 480 2230 superioribus
510 2180 710 2217 oratores
741 2175 893 2217 dilecti
921 2174 1000 2216 filii
1018 2173 1237 2229 Stephani
1257 2173 1555 2230 waywodae,1
1585 2187 1698 2228 quos
1728 2174 1868 2216 etiam

175 2246 388 2288 Maiestas
433 2247 531 2288 Tua
576 2247 821 2302 plurimum
866 2246 996 2288 nobis
1042 2244 1393 2294 commendavit,
1441 2245 1706 2299 praesertim
1752 2245 1870 2287 circa

174 2317 506 2373 promotionem
527 2318 644 2360 illius
658 2318 727 2360 sui
747 2317 806 2360 ad
820 2316 1051 2359 ecclesiam
1069 2315 1492 2365 Molduaviensem,2
1512 2315 1558 2359 in
1573 2330 1664 2370 quo
1678 2316 1871 2359 libenter

175 2389 259 2430 tibi
274 2389 588 2439 satisfecimus,
605 2389 722 2431 sicut
737 2388 783 2430 in
799 2388 1008 2430 omnibus
1023 2387 1231 2436 solemus,
1249 2400 1365 2441 quae
1381 2400 1484 2428 cum
1501 2387 1598 2428 Deo
1614 2400 1867 2442 possumus,

174 2459 311 2501 libere
340 2459 478 2501 etiam
508 2460 660 2502 omnia
689 2459 915 2515 expedita.
948 2459 1067 2500 Nam
1097 2462 1141 2499 et
1172 2461 1391 2499 annatam
1420 2462 1600 2512 praeter
1628 2463 1867 2500 consuetu-

120 2541 156 2567 30
175 2530 326 2572 dinem
367 2530 407 2572 ei
447 2530 691 2573 liberaliter
731 2530 1003 2572 donavimus
1044 2533 1089 2570 et
1131 2528 1303 2583 reliqua
1343 2528 1608 2578 remisimus,
1652 2543 1768 2583 quae
1809 2529 1868 2571 ad

174 2601 433 2643 huiusmodi
473 2602 807 2657 expeditionem
849 2600 1157 2656 pertinerent;
1200 2599 1278 2648 ita,
1321 2603 1372 2640 ut
1413 2599 1722 2641 existimemus
1763 2613 1866 2642 eum

174 2672 405 2714 Maiestati
429 2673 553 2714 Tuae
578 2673 747 2728 gratias
774 2676 995 2714 acturum.
1026 2670 1163 2712 Petiit
1192 2674 1346 2711 autem
1373 2684 1400 2711 a
1424 2670 1554 2711 nobis
1579 2684 1658 2725 per
1684 2670 1866 2712 eosdem

307 2790 321 2812 ²
341 2790 503 2825 Gabriel
530 2791 741 2836 Rangonio
773 2790 982 2836 episcopus
1014 2788 1226 2833 Agriensis,
1249 2788 1491 2833 apostolieae
1512 2788 1615 2822 sedis
1642 2789 1796 2834 legatus
1816 2788 1865 2823 de

174 2848 463 2894 Petervaradja
480 2860 511 2883 1.
530 2850 762 2884 Decembris
780 2859 888 2894 1475.
913 2849 1035 2882 etiam
1050 2849 1124 2881 hoe
1139 2847 1302 2881 nuntiat
1319 2857 1325 2881 z
1342 2847 1552 2882 Moldavus
1566 2850 1732 2893 paratus
1746 2851 1807 2883 est
1823 2850 1865 2882 et

120 2919 161 2945 35
174 2909 460 2944 tantummodo
480 2912 670 2954 expectat
686 2908 897 2943 convenire
917 2917 1007 2941 cum
1024 2906 1148 2951 Regia
1174 2905 1244 2939 Mte
1270 2906 1311 2940 in
1325 2906 1410 2940 loco
1437 2906 1657 2951 designato.
1679 2906 1860 2951 (Ibidem,

174 2967 252 3001 vol.
282 2968 337 3001 II.
369 2978 460 3013 pag.
485 2968 586 3012 285.)

321 3051 335 3071 1
356 3050 417 3084 De
451 3050 512 3085 his
544 3050 770 3084 oratoribus
802 3049 946 3094 legitur
977 3048 1017 3081 in
1037 3047 1206 3092 epistola
1246 3047 1452 3082 Pontificis
1486 3047 1661 3082 Romani
1690 3048 1740 3083 de
1765 3049 1864 3083 dato

173 3120 208 3153 3.
243 3109 392 3154 Aprilis
423 3111 532 3154 1476.
565 3108 857 3153 (Hurmuzaki:
889 3108 1139 3141 Documente
1167 3106 1245 3141 vol.
1277 3100 1356 3147 2s1.
1386 3117 1476 3152 pag.
1510 3107 1583 3152 14.)

322 3163 338 3187 2
371 3168 514 3202 Petrus
548 3168 768 3213 episcopus.

165 3255 272 3281 Fontes
292 3255 398 3282 Rerum
419 3256 695 3290 Transyssvanicamm
716 3255 769 3281 IV.
