2209 3643
278 218 350 252 286
1042 213 1117 247 No.
1141 223 1214 257 240
1646 206 1719 260 [16.
1741 208 1849 254 Sept.
1875 208 1975 252 1538

280 361 440 389 manus
473 360 575 388 suas
608 345 797 386 tradere.
834 344 904 385 Ex
935 342 1024 384 alia
1056 346 1187 397 parte
1219 342 1385 383 dicitur
1417 342 1649 384 nuntiasse
1681 340 1895 381 Moldavo
1927 343 1972 381 et

280 418 483 460 similiter
511 415 807 469 Transalpino
837 413 989 455 omnia
1018 413 1088 454 his
1118 413 1358 462 contraria,
1391 427 1436 455 se
1466 427 1556 454 non
1587 415 1745 453 contra
1773 423 1862 459 305,
1894 409 1973 451 sed

280 493 437 530 contra
467 500 614 540 regem
655 486 880 539 Joannem
919 484 1036 525 hanc
1067 483 1402 538 expeditionem
1433 483 1689 538 sumpsisse.
1722 482 1795 523 Ad
1824 494 1973 535 regem

280 558 490 600 Poloniae
513 557 651 598 etiam
681 555 846 597 dicitur
868 554 1041 596 misisse
1063 554 1312 596 amicitiam
1335 568 1463 595 suam
1487 554 1525 596 ei
1549 553 1790 595 offerendo.
1816 551 1970 606 Vid[it]

279 629 492 671 Maiestas
530 628 601 668 Vra
652 626 816 681 quibus
855 625 1029 667 artibus
1062 625 1383 667 circumvenire
1415 626 1497 667 hos
1535 624 1758 680 principes
1796 627 1970 678 querat.
2010 636 2032 661 r>

280 699 404 754 R[ex]
447 712 573 740 meus
611 697 679 738 his
718 697 876 738 diebus
915 696 1074 738 debuit
1114 696 1280 737 habere
1318 701 1467 738 totam
1512 694 1889 750 Transylvaniam
1927 693 1973 735 in

278 770 447 812 castris.
480 768 808 823 Val[en]tinum
830 767 1012 810 Thorok
1033 767 1234 821 intelligo
1266 781 1368 808 cum
1390 781 1481 808 non
1512 779 1656 821 parva
1687 779 1828 806 manu
1858 764 1975 805 infra

278 841 457 883 Budam
477 845 651 895 septem
671 839 937 880 milliaribus
956 838 1144 880 traicere
1164 838 1441 887 Danubium,
1462 842 1513 879 ut
1534 837 1579 878 in
1597 835 1974 891 Transylvaniam

279 912 418 954 vadat
438 924 444 951 :
472 912 632 952 Petrus
656 910 850 965 Perinyi,
882 914 926 951 et
951 923 1106 951 omnes
1128 908 1410 964 superiorum
1432 914 1476 950 et
1501 908 1752 949 mediarum
1774 906 1975 962 partium

278 983 415 1037 regni,
443 982 545 1023 hinc
572 981 710 1023 etiam
735 995 790 1022 ex
814 981 883 1022 his
908 980 1015 1022 locis
1040 980 1159 1022 idem
1185 979 1350 1021 facient
1373 994 1381 1030 ;
1416 984 1632 1034 superest,
1659 982 1710 1019 ut
1736 982 1781 1019 et
1807 976 1974 1018 auxilia
1994 991 2030 1017 10

277 1055 364 1095 Vrae
379 1047 459 1095 MtiS
474 1058 569 1094 tam
596 1051 836 1107 pedestria,
862 1065 999 1106 quam
1025 1051 1251 1106 equestria
1270 1064 1361 1092 non
1382 1051 1581 1099 tardent,
1604 1054 1655 1091 ut
1678 1049 1738 1098 id,
1761 1048 1883 1103 quod
1903 1048 1974 1089 Vra

277 1125 488 1166 Maiestas
503 1124 574 1178 pie
589 1123 771 1178 incepit,
790 1122 953 1164 Christi
972 1122 1180 1177 [nomine]
1200 1126 1245 1163 et
1261 1121 1332 1177 pie
1346 1125 1660 1176 prosequatur,
1682 1120 1798 1161 sicut
1819 1132 1974 1160 omnes

277 1209 357 1237 nos
379 1196 512 1237 simul
535 1209 638 1236 cum
661 1208 761 1248 rege
791 1198 946 1235 nostro
966 1193 1173 1248 Joan[ne]
1212 1193 1257 1234 in
1291 1192 1498 1234 bonitate
1533 1192 1621 1233 Vrae
1644 1184 1726 1232 Mtis
1759 1190 1973 1232 fiduciam

276 1267 510 1308 habemus.
545 1265 865 1308 Existimarem
889 1279 991 1306 cum
1014 1264 1133 1306 tanti
1164 1301 1245 1305 ---
1273 1263 1412 1318 copiis
1433 1277 1535 1304 cum
1560 1262 1732 1303 viribus
1762 1261 1971 1303 videlicet

277 1339 315 1379 V
319 1339 365 1356 ΜΕ
405 1330 485 1379 Mtis
525 1342 570 1378 et
610 1336 724 1391 regis
752 1336 910 1385 nostri,
945 1341 990 1377 et
1020 1336 1212 1377 duorum
1242 1335 1419 1376 illorum
1447 1333 1702 1389 principum
1730 1331 2027 1374 Valachiae15

276 1423 491 1463 magnum
515 1408 686 1463 aliquid
711 1412 755 1449 et
780 1408 1061 1462 praeclarum
1085 1407 1168 1447 hoc
1193 1406 1341 1447 adhuc
1365 1410 1589 1447 autumno
1612 1403 1706 1446 fieri
1730 1416 1874 1458 posse,
1899 1402 1971 1444 vel

278 1480 392 1521 circa
424 1480 568 1522 Esze'k
599 1484 643 1521 et
676 1478 900 1527 inferiora,
933 1478 1004 1519 vel
1037 1478 1081 1519 in
1112 1477 1198 1518 illis
1228 1476 1449 1532 partibus,
1483 1475 1528 1517 in
1560 1488 1673 1530 quas
1702 1479 1855 1516 totum
1886 1473 1970 1515 hoc

275 1551 443 1592 bellum
481 1564 600 1592 nunc
639 1549 896 1591 incubuisse
933 1549 1129 1598 videtur,
1168 1548 1246 1589 ubi
1283 1547 1461 1589 utinam
1500 1560 1578 1602 per
1615 1546 1751 1587 istam
1788 1549 1969 1586 tantam

280 1622 558 1663 occasionem
600 1624 784 1676 possent
825 1619 1077 1675 recuperari
1119 1619 1219 1660 illae
1260 1618 1564 1660 nobilissimae
1605 1630 1727 1659 arces
1767 1620 1970 1670 tempore

277 1693 433 1748 inclyti
464 1693 577 1747 regis
597 1691 797 1734 Mathiae
816 1692 1020 1740 amissae,
1043 1691 1210 1746 Kyllye
1228 1695 1272 1731 et
1293 1690 1502 1731 Nezther.
1521 1688 1608 1730 Sed
1626 1688 1701 1729 illa
1720 1686 1967 1729 Eszekiana
1987 1699 2029 1726 ρο

277 1778 395 1806 nunc
437 1765 538 1819 plus
580 1764 818 1819 importat,
862 1763 1027 1804 ludunt
1070 1761 1190 1803 enirn
1214 1761 1331 1802 circa
1354 1759 1628 1815 praecordia.
1675 1757 1971 1812 Intelligimus

277 1835 414 1876 etiam
439 1835 632 1876 Turcam
657 1847 750 1876 esse
774 1839 1021 1883 mortuum,
1047 1833 1169 1888 quod
1193 1832 1228 1873 si
1252 1832 1317 1873 ita
1340 1836 1470 1880 esset,
1495 1831 1625 1885 longe
1649 1833 1796 1871 essent
1821 1827 1973 1870 omnia

276 1906 488 1948 faciliora.
522 1907 620 1948 Vm
644 1903 746 1947 Mtem
769 1906 917 1947 Deum
939 1908 1173 1946 conservet
1205 1916 1379 1958 semper
1404 1902 1578 1943 felicem
1609 1905 1653 1942 et
1686 1900 1969 1942 incolumem.

419 1977 583 2019 Vaciae
620 1976 783 2018 ultima
819 1975 1014 2030 Augusti
1054 1975 1177 2028 1538.

419 2072 634 2114 Eiusdem
671 2073 858 2114 Vestrae
893 2070 1209 2112 Serenissimae
1246 2068 1497 2110 Maiestatis
1989 2078 2027 2103 25

801 2165 1080 2208 humillimus
1123 2163 1326 2206 servulus

1523 2231 1753 2273 Vaciensis
1794 2244 1851 2272 ss.

419 2340 555 2386 (Copia
579 2350 738 2374 coaeva.
766 2338 955 2374 Archivio
980 2338 1020 2372 di
1042 2338 1170 2378 Stat0‚
1198 2338 1354 2371 Parma.
1381 2337 1499 2371 Carte
1524 2334 1791 2378 Farnesiane.)

1073 2491 1170 2532 240.

779 2604 903 2652 Lim,
937 2603 1006 2644 16.
1042 2600 1303 2657 Septembris
1336 2600 1463 2653 1538.
1991 2608 2028 2634 30

377 2692 607 2731 Cardinalis
629 2693 915 2744 Hieronymus
935 2691 1149 2730 Aleandro
1169 2688 1371 2728 cardinali
1392 2687 1634 2727 Alexandro
1655 2687 1846 2726 Farnese.

418 2792 515 2833 Pax
544 2793 655 2834 'inter
684 2806 818 2847 regem
845 2792 1055 2833 Poloniae
1085 2796 1121 2832 et
1149 2791 1376 2832 vaivodam
1404 2790 1460 2831 M
1463 2789 1658 2831 oldavz'ae
1687 2787 1971 2842 componitur.

422 2899 590 2940 Mando
616 2899 659 2939 la
687 2899 816 2954 copia
843 2899 887 2940 di
915 2912 1006 2939 una
1033 2898 1196 2939 lettera
1222 2897 1284 2938 dil
1312 2895 1440 2937 Sermo
1480 2908 1526 2935 re
1565 2894 1610 2935 di
1644 2892 1831 2934 Polonia
1858 2892 1977 2934 della

282 2969 520 3009 concordia
544 2973 589 3010 et
614 2982 724 3023 pace
749 2969 869 3010 satta
893 2974 965 3010 tra
989 2969 1050 3009 lui
1077 2974 1121 3010 et
1146 2969 1176 3009 il
1201 2966 1409 3008 waivoda
1434 2965 1479 3006 di
1505 2963 1775 3012 walachia‚1
1800 2964 1843 3004 la
1867 2962 1975 3017 qual

280 3050 399 3079 nova
427 3040 449 3078 e
476 3052 610 3093 parsa
638 3052 665 3079 a
693 3039 805 3080 tutti
834 3040 980 3080 multo
1009 3039 1175 3088 buona,
1206 3035 1498 3092 pigliandone
1526 3047 1744 3089 speranza
1772 3033 1818 3075 di
1846 3033 1975 3074 molti
1992 3044 2030 3069 35

419 3188 432 3208 ¹
463 3191 610 3225 Recte:
643 3189 681 3223 di
709 3189 922 3234 Moldavia‚
955 3193 1096 3226 Petrus
1117 3192 1254 3238 Rares.
