2209 3643
110 910 158 939 13.
181 900 246 939 Jan.

153 953 229 992 1508

129 1690 177 1720 13.
201 1680 266 1720 Jan.

103 2192 151 2221 13.
173 2182 239 2221 Jan.

124 2244 201 2275 1514

109 2746 159 2767 22.
182 2737 247 2775 Jan.

132 2790 208 2828 1508

276 207 346 243 114
1035 191 1110 224 No.
1135 190 1182 235 87
1641 184 1714 238 [27.
1737 189 1827 234 Jan.
1861 200 1964 234 1519

273 326 619 369 Transsilvanus
653 327 697 364 et
730 321 980 363 Siculorum
1015 332 1163 361 comes
1198 323 1282 360 etc.
1319 318 1581 360 Amicitiam
1615 323 1825 372 paratam
1859 332 1962 360 cum

274 399 455 440 honore.
502 392 743 441 Noveritis,
791 390 914 445 quod
957 404 1060 432 cum
1104 389 1235 430 iuxta
1278 388 1559 430 iudiciariam
1603 388 1963 431 commissionem

273 466 539 523 Spectabilis
573 468 617 505 et
651 460 877 517 Magnifici
911 459 1082 502 domini
1116 458 1294 501 comitis
1328 458 1464 508 Petri,
1501 458 1678 500 comitis
1711 458 1766 500 de
1797 459 1963 501 Sancto

276 537 464 591 Georgio
498 540 541 577 et
576 534 631 575 de
663 534 835 586 Bozyn‚
870 530 1029 572 iudicis
1062 530 1211 572 curiae
1245 529 1411 584 Regiae
1444 529 1696 571 Maiestatis
1729 529 1838 570 alias
1871 530 1964 571 vai-

276 608 420 650 vodae
453 602 863 648 Transsilvanensis
897 606 942 643 et
974 601 1224 643 Siculorum
1259 599 1436 642 comitis
1486 599 1831 654 litterarumque
1865 614 1964 641 sua·
2002 612 2026 639 50

275 692 375 720 rum
410 673 841 719 adjudicatoriarum
875 686 956 727 pro
990 676 1120 727 parte
1155 670 1331 726 Egregii
1375 670 1613 724 Johannis,
1660 670 1739 712 filii
1773 670 1966 712 condam

277 747 506 791 Michaelis
523 744 752 800 Desewffy
768 744 823 786 de
841 742 1024 799 Chycho
1041 746 1199 784 contra
1215 741 1505 796 Magnificum
1523 741 1715 783 condam
1732 740 1966 782 dominum

277 819 547 874 Bogdanum
570 815 815 858 vaivodam
838 813 1193 855 Moldaviensem
1216 812 1261 853 in
1285 811 1459 854 octavis
1481 811 1585 854 festi
1608 811 1968 867 Epiphaniarum

279 888 463 932 Domini
496 888 541 929 in
576 899 695 928 anno
729 884 929 928 eiusdem
962 883 1198 925 Millesimo
1232 882 1593 937 quingentesimo
1627 886 1790 924 octavo
1824 886 1969 924 trans-

279 964 381 1002 acto
413 957 659 1014 praeteriti,
693 956 738 997 in
771 956 958 998 civitate
991 953 1325 996 Coloswariensi
1356 967 1435 1008 per
1466 967 1568 995 eum
1601 952 1836 994 celebratis
1868 966 2029 994 con-10⁴

279 1031 501 1073 tectarum
547 1028 767 1082 vobisque
813 1025 1096 1081 loquentium
1142 1030 1187 1067 et
1234 1024 1508 1066 directarum
1555 1024 1789 1066 continens
1835 1024 1970 1066 homo

279 1102 419 1157 ipsius
443 1101 613 1142 domini
637 1098 815 1141 comitis
840 1096 961 1140 Petri
984 1096 1237 1138 vaivodalis
1260 1100 1496 1150 praesente
1519 1098 1671 1138 vestro
1694 1094 1970 1144 testimonio,

280 1173 339 1215 ad
359 1172 520 1215 faciem
542 1169 833 1227 possessionis
853 1167 1243 1223 Zenthmargytha
1263 1172 1468 1216 vocatae,
1492 1166 1537 1207 in
1558 1166 1781 1209 comitatu
1801 1166 1972 1208 Zolnok

281 1243 482 1286 interiori
501 1243 700 1290 habitae,
723 1240 890 1282 scilicet
913 1238 1289 1295 pertinentiarum
1313 1252 1495 1280 suarum
1515 1239 1738 1287 accedere,
1760 1236 1972 1292 idemque

281 1320 326 1358 et
374 1314 555 1356 easdem
603 1311 916 1369 praesentibus
962 1310 1120 1351 vicinis
1167 1315 1212 1352 et
1260 1309 1583 1351 commetaneis
1629 1308 1720 1350 suis
1767 1308 1973 1363 praefato
1988 1320 2034 1346 15,

279 1385 493 1442 Johanni,
533 1384 624 1426 filio
663 1383 860 1426 condam
900 1381 1128 1422 Michaelis
1155 1381 1398 1435 Desewffy‚
1427 1379 1534 1421 iuris
1572 1379 1717 1421 eidem
1756 1379 1801 1420 in
1841 1378 1972 1420 dictis

282 1457 445 1499 litteris
483 1455 622 1511 ipsius
661 1454 832 1496 domini
870 1451 1048 1494 comitis
1086 1452 1207 1494 Petri
1246 1450 1584 1493 adiudicatoriis
1634 1462 1866 1506 expressas
1915 1450 1971 1503 [et

283 1526 532 1582 ha]bendas
575 1530 798 1568 statueret
842 1538 894 1566 ac
937 1523 993 1565 de
1036 1523 1210 1565 iudiciis
1254 1536 1332 1564 sex
1375 1535 1632 1564 marcarum
1675 1521 1721 1563 in
1765 1534 1974 1576 processu

283 1598 422 1654 ipsius
459 1611 620 1640 causae
657 1599 1003 1652 aggregatarum
1040 1594 1398 1636 satisfactionem
1435 1592 1692 1649 impendere
1730 1591 1972 1639 debuisset,

283 1674 327 1712 et
358 1669 519 1711 horum
549 1668 682 1710 series
711 1681 793 1710 vos
823 1666 881 1708 ad
911 1669 1098 1706 octavas
1128 1665 1231 1707 festi
1262 1664 1620 1719 Epiphaniarum
1651 1663 1834 1706 Domini
1864 1668 1974 1704 tunc
1988 1674 2035 1701 20·

284 1740 489 1783 venturis
522 1739 607 1794 ipsi
640 1739 824 1781 domino
858 1736 1013 1779 comiti
1048 1737 1181 1778 Petro
1215 1735 1453 1777 rescribere
1487 1734 1767 1784 debuissetis,
1803 1733 1861 1775 ab
1895 1732 1976 1774 eis-

285 1812 479 1865 demque
507 1809 682 1852 octavis
710 1810 811 1852 festi
842 1807 1202 1863 Epiphaniarum
1230 1806 1413 1848 Domini
1441 1810 1669 1861 reportare
1697 1805 1823 1847 seriei
1850 1818 1976 1859 prae-

285 1883 523 1925 missorum
561 1885 714 1936 partes
751 1881 868 1922 inter
905 1878 1085 1921 eosdem
1124 1877 1320 1932 primum
1358 1877 1552 1933 praefati
1590 1876 1762 1918 domini
1800 1875 1979 1917 comitis

287 1953 423 2002 Petri,
453 1956 499 1995 et
526 1952 713 1994 tandem
741 1965 792 1994 eo
821 1950 1001 1992 honoris
1030 1962 1081 1990 ac
1109 1948 1258 1990 officio
1286 1947 1560 1990 vaivodatus
1587 1947 1749 1988 harum
1776 1945 1976 2002 partium

287 2023 724 2071 Transsilvanarum,
748 2026 910 2077 sponte
932 2019 1118 2063 cedente
1140 2024 1185 2061 et
1208 2019 1366 2061 eodem
1389 2018 1538 2061 officio
1559 2017 1689 2060 nobis
1710 2032 1789 2073 per
1810 2016 1977 2071 regiam
1993 2028 2036 2054 εἴ»

289 2094 575 2137 clementiam
597 2094 762 2135 collato
781 2097 1039 2136 nostrarum
1060 2090 1314 2132 litterarum
1334 2089 1746 2145 prorogatoriarum
1766 2088 1977 2137 seriebus,

291 2165 531 2221 protelata,
556 2165 615 2207 ad
638 2169 825 2206 octavas
848 2162 1053 2204 similiter
1076 2161 1178 2202 festi
1203 2160 1562 2216 Epiphaniamm
1586 2159 1769 2201 Domini
1792 2158 1836 2200 in
1861 2172 1979 2200 anno

291 2236 490 2279 eiusdem
513 2235 749 2277 Millesimo
774 2231 1133 2290 quingentesimo
1158 2231 1331 2274 decimo
1356 2235 1520 2286 quarto
1542 2230 1775 2286 praeteriti
1798 2243 1876 2284 per
1898 2242 1980 2270 nos

291 2307 538 2350 celebratas
584 2311 788 2349 nostram
837 2306 882 2346 in
929 2302 1232 2359 praesentiam
1280 2302 1476 2344 delative
1524 2301 1766 2355 attigeret:
1816 2299 1980 2354 quibus

291 2377 519 2420 instantiis
530 2377 762 2432 Johannes
784 2376 839 2419 de
854 2375 1028 2417 Bathor
1050 2387 1130 2429 pro
1145 2373 1350 2429 praefato
1370 2373 1547 2427 Joanne
1568 2371 1793 2428 Desewffy
1815 2374 1979 2420 actore,
1997 2381 2039 2408 30·

292 2463 395 2491 cum
438 2447 758 2503 procuratoriis
801 2446 963 2489 litteris
1005 2445 1185 2494 nostris,
1231 2444 1276 2485 in
1320 2444 1510 2487 eandem
1552 2447 1755 2485 nostram
1798 2441 1982 2483 veniens

292 2518 611 2574 praesentiam,
640 2518 815 2560 litteras
842 2522 1018 2559 vestras
1044 2528 1177 2570 super
1203 2514 1459 2571 praemissis
1485 2513 1718 2556 relatorias
1744 2512 1983 2568 rescriptas

294 2589 424 2631 nobis
475 2593 802 2644 praesentarat,
856 2588 901 2629 in
953 2586 1118 2642 quibus
1168 2590 1452 2641 praetactam
1504 2583 1761 2641 praenotati
1812 2582 1983 2625 domini

295 2659 472 2702 comitis
508 2659 627 2701 Petri
664 2658 944 2701 iudiciariam
979 2657 1338 2699 commissionem
1373 2656 1510 2698 modo
1542 2654 1788 2711 praemisso
1822 2653 1983 2707 exequi

299 2730 466 2772 debens
485 2729 530 2770 in
550 2730 665 2771 festo
685 2729 818 2772 Beati
836 2728 1061 2771 Vincentii
1081 2727 1307 2783 martyris,
1330 2728 1375 2768 in
1396 2740 1514 2768 anno
1534 2725 1730 2781 gratioso
1749 2723 1983 2765 Millesimo
1997 2734 2045 2759 35·

300 2800 658 2855 quingentesimo
690 2804 853 2842 octavo
883 2803 1154 2854 praenotato
1185 2798 1230 2838 in
1261 2798 1374 2839 facie
1404 2801 1665 2852 praetactae
1695 2793 1983 2850 possessionis

299 2870 689 2925 Zenthmargytha
716 2870 761 2911 in
790 2869 1012 2911 comitatu
1039 2869 1210 2910 Zolnok
1237 2867 1437 2910 interiori
1465 2865 1700 2908 existentis
1727 2869 1772 2905 et
1799 2864 1983 2905 habitae

301 2939 612 2993 praesentibus
653 2939 812 2981 vicinis
853 2944 898 2981 et
942 2938 1263 2981 commetaneis
1305 2937 1504 2979 eiusdem
1546 2933 1778 2982 universis,
1822 2934 1984 2975 litteris

301 3009 346 3049 in
388 3010 554 3051 eisdem
596 3009 864 3064 specificatis
905 3023 984 3064 per
1025 3009 1265 3063 Egregium
1308 3006 1567 3049 Ladislaum
1609 3003 1833 3046 Porkolab
1875 3008 1984 3045 tunc

302 3079 597 3121 castellanum
624 3080 759 3121 castri
787 3079 982 3134 Chycho,
1011 3079 1191 3121 nomine
1218 3082 1262 3120 et
1290 3077 1335 3118 in
1362 3089 1552 3131 persona
1579 3074 1786 3116 annotati
1813 3074 1983 3116 domini
1999 3085 2046 3112 w·¹

301 3148 491 3211 Bogdan
516 3149 737 3190 vaivodae
764 3148 1095 3199 Moldaviensis,
1124 3148 1364 3203 evaginato
1391 3146 1539 3201 gladio
1566 3144 1816 3200 repulsione
1843 3144 1982 3186 medi-
