2209 3643
236 219 296 254 27.
317 208 453 242 Martii
476 202 586 257 1528]
939 205 1013 240 No.
1040 215 1235 250 124—125
1865 203 1939 247 167

235 338 521 382 dominorum
558 336 846 380 sedulitatem
883 349 974 378 non
1011 335 1284 384 defuturam,
1325 333 1460 375 modo
1498 332 1760 381 auctoritas,
1787 345 1929 386 quam

236 411 298 453 eis
324 410 396 451 Vra
422 409 635 451 Maiestas
660 407 878 450 concessit
906 421 984 462 per
1010 407 1184 461 aliquos
1209 419 1300 447 non
1327 403 1615 460 impediatur.

380 480 552 530 Budae,
583 479 655 521 die
684 479 839 520 Lunae
867 482 970 534 post
1001 477 1142 519 Oculi.
1175 477 1309 518 Anno
1338 480 1422 518 etc.
1457 475 1581 528 1528.

595 573 821 619 (Originale.
853 573 1142 612 Staatsarchiv,
1177 572 1304 605 XVien.
1340 569 1599 615 Hungarica.)

1031 713 1129 754 124.

784 824 927 872 Buda,
960 835 1027 877 27.
1059 822 1221 864 Martii
1252 822 1378 875 1528.

280 917 464 956 Thomas
481 915 696 955 Szalahazi
717 916 935 967 episcopus
955 914 1165 965 Agriensis
1187 911 1453 952 Ferdinando
1474 911 1506 950 I.
1523 910 1608 962 regi
1631 908 1895 960 Hungariae.

381 1016 556 1058 Nuntia
594 1016 643 1057 de
682 1015 804 1057 rebus
843 1029 869 1056 a
908 1014 1101 1056 vaivodis
1140 1012 1391 1054 Moldavz'ae
1435 1009 1750 1065 Valachz'aeque
1784 1007 1927 1063 gestis.

384 1122 567 1164 Domini
611 1121 943 1163 consiliarii...
990 1120 1035 1161 in
1080 1118 1315 1174 Hungaria
1357 1118 1535 1159 hostem
1578 1115 1713 1171 plane
1755 1114 1935 1156 nullum

186 1212 221 1238 10
239 1195 444 1236 futurum
470 1193 641 1236 vident.
678 1193 870 1234 Polonos
896 1196 1050 1233 autem
1076 1189 1275 1232 vaivoda
1301 1188 1540 1230 Moldavus
1566 1187 1631 1228 ita
1657 1200 1684 1227 a
1709 1184 1932 1240 suppetiis

234 1265 403 1320 Joanni
434 1264 687 1320 Zapoliensi
719 1263 913 1305 ferendis
945 1267 1136 1311 avertet,
1171 1261 1207 1302 si
1238 1260 1311 1302 hic
1343 1259 1531 1301 nuntius
1563 1270 1722 1299 verum
1760 1259 1932 1305 narrat,

239 1342 289 1378 ut
326 1336 469 1391 magis
503 1335 549 1376 id
584 1335 673 1377 sint
710 1334 922 1383 curaturi,
961 1332 1190 1388 quomodo
1224 1345 1271 1373 se
1305 1343 1477 1385 suaque
1512 1332 1672 1371 contra
1705 1327 1931 1369 Valachos

238 1411 468 1456 tueantur,
509 1420 661 1461 quam,
702 1410 753 1448 ut
792 1405 1088 1459 alienigenam
1127 1408 1171 1445 et
1210 1402 1388 1444 exulem
1427 1401 1659 1449 adiuvent,
1699 1401 1933 1440 tormenta

239 1478 412 1520 maiora
438 1477 681 1519 mittentur
708 1476 969 1532 propediem
1000 1480 1084 1517 etc.

185 1567 221 1593 15
383 1548 544 1590 Veniet
591 1548 649 1589 ad
695 1546 798 1589 Mtem
845 1548 944 1589 V¹³¹¹¹
992 1546 1159 1587 Paulus
1193 1543 1380 1599 quidam
1413 1543 1560 1584 hieme
1593 1539 1811 1596 superiori
1854 1553 1935 1594 per

240 1619 606 1663 vicewaiwodam
655 1618 1027 1660 Transsilvanum
1077 1616 1135 1658 ad
1184 1614 1257 1657 Mte
1243 1617 1286 1634 ‘³¹¹¹
1324 1615 1417 1656 Vm
1456 1613 1629 1655 missus.
1671 1611 1777 1653 Fuit
1808 1609 1933 1665 apud

239 1691 505 1734 waiwodam
556 1690 820 1732 Moldavum
883 1694 927 1731 et
982 1688 1113 1730 rediit
1165 1701 1268 1729 cum
1330 1685 1463 1727 rebus
1523 1682 1654 1725 novis
1709 1675 1776 1723 Mti
1826 1681 1932 1730 Vsae,

240 1762 309 1804 uti
345 1776 475 1817 spero
500 1775 591 1803 non
628 1761 827 1816 ingratis
857 1760 1071 1802 Gratulor
1095 1757 1160 1800 Mtl
1186 1758 1275 1799 Vrae
1281 1756 1441 1825 ,quod
1472 1760 1570 1797 tam
1594 1753 1739 1795 fidum
1763 1753 1934 1794 habeat

240 1834 506 1882 Valachum,
539 1836 591 1873 ut
623 1832 762 1874 etiam
794 1832 1035 1886 Hungaros
1067 1829 1125 1871 ad
1155 1829 1291 1870 fidem
1311 1828 1377 1869 M¹
1405 1827 1496 1868 Vrae
1516 1830 1618 1868 tum
1636 1823 1767 1865 bonis
1786 1823 1937 1866 verbis

186 1922 224 1948 20
241 1919 293 1947 ac
318 1904 483 1946 blande
509 1903 698 1953 allicere,
732 1908 833 1944 tum
869 1902 1002 1944 minis
1026 1900 1308 1955 gravioribus
1332 1911 1494 1940 vocare
1518 1910 1610 1938 non
1635 1894 1832 1937 dubitet.

387 1975 560 2023 Budae,
591 1974 662 2016 die
689 1974 873 2016 Veneris
902 1977 1009 2014 ante
1036 1971 1310 2013 dominicam
1334 1969 1487 2023 Judici
1518 1967 1642 2020 1528.

585 2068 811 2114 (Originale.
844 2066 1132 2104 Staatsarchiv,
1168 2064 1294 2098 VVien.
1330 2061 1588 2106 Hungarica.)

1045 2216 1144 2258 125.

721 2329 982 2384 Targoviste,
1014 2339 1082 2368 ro.
1117 2324 1291 2380 Aprilis
1321 2323 1448 2376 1528.

185 2443 224 2467 25
349 2423 635 2473 Hieronymus
662 2420 789 2462 Kaski
817 2418 1032 2472 palatinus
1060 2414 1328 2454 Ferdinando
1357 2414 1390 2453 Ι.
1420 2412 1505 2464 regi
1533 2411 1789 2462 Hungariae.

382 2522 528 2575 Refert
562 2535 605 2562 se
639 2534 705 2562 res
740 2519 850 2575 regis
885 2518 918 2572 J
921 2517 1081 2559 ommis
1116 2514 1298 2556 ulterius
1334 2512 1385 2554 ab
1421 2525 1537 2553 anno
1565 2510 1683 2552 cordi
1717 2509 1934 2558 habuisse,

241 2594 416 2648 ideoque
434 2606 552 2634 nunc
571 2591 756 2633 exercitu
776 2589 973 2638 Turcico,
994 2586 1214 2634 Woldczvo,
1235 2583 1424 2626 Valacho
1443 2587 1480 2624 et
1500 2582 1784 2623 Tartarorum
1800 2593 1937 2635 regem

245 2664 578 2706 ferdinandum
616 2662 791 2717 eiusque
830 2660 1020 2702 subdztos
1060 2668 1371 2712 aggressurum.
1409 2652 1523 2694 Belli
1566 2651 1852 2693 denuntzatio.

384 2759 509 2800 Sermo
529 2756 721 2812 principi
746 2760 791 2797 et
818 2754 1014 2801 domino,
1044 2750 1228 2793 domino
1248 2747 1548 2795 Ferdinando,
1577 2745 1822 2787 Bohemiae
1845 2744 1939 2800 regi

189 2842 226 2869 ao
244 2843 295 2871 ac
316 2829 420 2871 duci
439 2828 649 2870 Austriae
675 2832 759 2869 etc.
789 2826 1094 2878 Hieronymus
1114 2822 1169 2863 de
1202 2821 1344 2862 Lasco
1364 2823 1409 2860 et
1430 2818 1475 2859 in
1498 2816 1687 2858 Rituani
1705 2816 1941 2871 palatinus

240 2899 504 2942 Siradiensis
537 2903 620 2940 etc.
653 2898 857 2940 Salutem
882 2900 927 2937 et
953 2893 1246 2936 christianam
1270 2888 1625 2944 negotiationem
1658 2886 1937 2942 expostulat.

387 2971 484 3012 Mos
514 2973 596 3018 est,
624 2969 750 3010 Serme
781 2968 894 3015 Rex,
926 2970 970 3007 et
1013 2968 1132 3005 certe
1161 2960 1414 3009 laudabilis,
1446 2963 1497 3001 ut
1528 2972 1631 3000 cum
1660 2970 1777 2999 unus
1807 2956 1938 2998 alteri

244 3054 289 3082 se
323 3041 501 3082 hostem
536 3039 801 3088 constituat,
831 3042 882 3079 ut
906 3041 1029 3083 tunc,
1066 3033 1188 3089 prius
1223 3036 1472 3085 antequam
1506 3028 1679 3084 aliquid
1712 3028 1941 3069 hostiliter

243 3111 339 3160 fiat,
366 3111 505 3152 talem
530 3124 663 3152 suum
688 3109 891 3151 animum
915 3105 1037 3148 hosti
1060 3103 1280 3159 significet
1301 3115 1310 3152 ;
1336 3100 1415 3142 sed
1440 3114 1543 3142 cum
1568 3112 1649 3154 ego
1674 3098 1765 3139 iarn
1790 3111 1937 3140 annus

191 3193 230 3220 35
246 3186 327 3230 est,
343 3181 467 3235 quod
477 3181 602 3223 Sermo
617 3179 808 3235 principi
822 3183 867 3220 et
883 3176 1080 3225 domino,
1091 3171 1448 3227 dominoJoanni
1461 3170 1658 3225 inclytae
1673 3169 1936 3224 Hungariae
