2209 3643
265 186 339 218 216
964 178 1038 213 No.
1065 187 1258 223 174—175
1634 172 1708 226 [30.
1731 176 1834 211 Nov.
1859 186 1955 220 1530

1062 317 1161 358 174.

724 425 976 474 KamieneC,
998 436 1067 477 3ο.
1090 425 1346 468 Novembris
1366 436 1493 479 1530.

258 519 492 561 Stanislaus
529 515 841 555 Lanckoror‘iski
889 515 940 553 de
976 515 1156 560 Brzczie,
1194 515 1407 567 palatinus
1444 515 1641 554 Podoliae
1665 515 1835 570 [Joanni
1855 515 1953 555 Tar-

556 575 716 614 nowski
741 575 963 626 capitaneo
995 575 1189 625 generali,
1224 575 1414 626 palatino
1449 573 1652 628 Russiae.]

404 676 578 718 Nuntia
612 676 661 717 de
695 675 876 717 vaivoda
909 675 1176 724 Moldaviae,
1211 675 1287 730 qui
1321 675 1399 716 etsi
1432 675 1621 716 nescitur
1653 688 1734 730 quo
1768 675 1868 726 fine,
1903 675 1952 716 in
1990 685 2007 710 5

262 747 471 799 Botosam'
493 751 632 788 castra
655 745 884 788 collocavit.

403 839 660 889 Novitates,
692 854 808 895 quae
838 840 910 881 hic
940 839 985 881 in
1015 839 1167 895 palam
1198 839 1426 881 redierunt
1457 839 1546 881 Vrae
1590 838 1954 894 Magnificentiae

260 913 398 955 latere
428 912 559 962 nolo;
591 915 817 965 quantum
838 910 948 952 mihi
978 914 1159 952 constat
1190 911 1245 953 de
1275 910 1479 966 palatino
1509 909 1778 959 Moldaviae,
1800 909 1847 952 id
1875 924 1955 965 per

260 987 517 1040 praesentes
538 982 723 1024 notifico
744 982 834 1023 Vrae
859 981 1233 1037 Magnificentiae.
1258 982 1318 1024 Et
1341 981 1448 1035 quia
1469 985 1576 1023 ante
1597 982 1707 1023 haec
1728 994 1819 1023 non
1840 981 1954 1023 bene

260 1054 369 1096 mihi
399 1054 589 1110 patebat
621 1051 786 1094 mentis
817 1052 957 1108 ipsius
988 1052 1159 1095 astutia
1190 1053 1245 1095 de
1276 1052 1589 1108 congregando
1620 1052 1821 1094 exercitu
1857 1066 1951 1102 suo,
1969 1073 2004 1099 10

260 1130 453 1181 protunc
486 1125 671 1167 minime
704 1123 893 1178 vulgari,
916 1124 1051 1166 modo
1084 1137 1191 1166 vero
1212 1124 1406 1166 intentio
1439 1123 1579 1178 ipsius
1600 1123 1777 1165 exstitit
1811 1123 1954 1164 mani-

260 1198 388 1238 festa.
416 1196 573 1238 Posuit
598 1209 643 1237 se
668 1194 786 1237 enim
811 1209 915 1236 cum
938 1195 1140 1237 exercitu
1170 1209 1251 1237 suo
1274 1209 1365 1237 non
1390 1207 1533 1250 parvo
1556 1194 1793 1236 hominum
1817 1194 1952 1236 comi-

259 1272 362 1309 tatu
400 1272 586 1323 saeptus
624 1267 669 1308 in
709 1266 968 1316 Botussani;
1009 1266 1221 1315 nescitur,
1255 1265 1333 1308 ubi
1370 1265 1555 1308 tendere
1579 1265 1702 1307 velit.
1732 1266 1825 1307 Nec
1864 1265 1952 1306 mei

259 1339 579 1394 exploratores,
615 1350 729 1392 quos
769 1337 937 1392 ubique
977 1337 1194 1379 constitui
1232 1337 1278 1379 in
1317 1336 1538 1385 custodia,
1573 1336 1713 1392 ipsius
1752 1340 1952 1378 mentem

259 1410 442 1451 minime
474 1409 584 1451 scire
628 1412 833 1464 possunt,
878 1408 914 1450 si
957 1408 1076 1450 enim
1108 1407 1243 1450 vellet
1275 1408 1321 1449 in
1353 1407 1610 1450 Colomeam
1641 1407 1838 1450 tendere.
1874 1407 1949 1457 Hi,
1969 1427 2003 1453 15

259 1480 336 1535 qui
362 1481 476 1522 bene
503 1479 678 1535 experti
704 1484 810 1521 sunt
838 1478 937 1529 loci,
966 1493 1057 1534 quo
1084 1479 1178 1535 ipse
1205 1479 1388 1522 deberet
1416 1478 1620 1527 transire,
1660 1491 1951 1533 nequaquam

258 1556 478 1600 asserunt,
519 1555 705 1606 propter
743 1550 930 1591 nimiam
969 1550 1087 1592 illius
1125 1550 1303 1606 paludis
1342 1550 1479 1592 lutosi
1517 1549 1782 1599 cliuitatem,
1823 1553 1875 1591 ut
1914 1549 1951 1590 si

258 1623 383 1664 illum
414 1626 643 1664 attentare
674 1620 824 1670 vellet,
856 1621 902 1662 in
932 1634 1065 1663 suum
1095 1621 1308 1663 ultimum
1339 1622 1474 1663 finem
1506 1621 1686 1662 faceret.
1721 1621 1774 1662 In
1806 1620 1951 1662 Pruth

258 1693 396 1735 etiam
422 1693 498 1735 via
522 1693 608 1734 sibi
628 1692 862 1748 praeclusa
887 1695 970 1741 est,
998 1696 1183 1748 propter
1208 1692 1348 1748 ipsius
1374 1691 1745 1741 inundationem;
1778 1695 1863 1733 etc.

403 1764 576 1806 Datum
608 1764 653 1805 in
685 1768 833 1805 castro
866 1763 1196 1812 Camenecensi,
1229 1763 1340 1805 feria
1371 1767 1536 1818 quarta
1567 1763 1664 1819 ipso
1696 1762 1767 1805 die
1796 1760 1950 1804 Sancti
1964 1782 2002 1808 20

258 1835 477 1877 Andreae.
503 1835 636 1876 Anno
660 1834 844 1877 Domini
870 1845 993 1888 1530.

403 1929 630 1974 (Originale.
670 1929 958 1969 Staatsarchiv,
1002 1929 1126 1963 Wien.
1157 1929 1355 1963 Polonica.
1386 1929 1548 1963 Edidit:
1584 1928 1688 1962 Acta
1718 1927 1950 1963 Tomiciana

260 1988 336 2022 vol.
371 1989 466 2024 XII.
501 2000 590 2034 pag.
626 1990 726 2033 368.)

1054 2093 1153 2133 175.

693 2190 924 2237 Pz'otrko'zv,
974 2202 1042 2230 Io.
1092 2189 1337 2230 Decembris
1385 2200 1510 2242 1530.
1964 2208 2000 2234 25

257 2278 547 2329 Sigismundus
589 2281 620 2319 Ι.
664 2293 735 2319 rex
776 2280 974 2319 Poloniae
1006 2279 1205 2331 palatinis
1245 2279 1470 2325 Brestensi,
1509 2279 1947 2330 Juniwladislaviensi,

851 2338 1045 2378 Rawensi
1066 2343 1107 2377 et
1137 2338 1338 2377 Plocensi.

404 2437 685 2486 Mandatum,
697 2443 743 2479 ut
752 2439 984 2493 pecuniam
1000 2438 1212 2478 mitterent
1228 2437 1420 2478 fubsidz'o
1437 2437 1533 2479 belli
1549 2441 1693 2478 contra
1703 2437 1759 2477 M
1761 2436 1946 2478 oldavos.

404 2542 656 2596 Agentibus
679 2543 749 2584 hic
772 2543 902 2585 nobis
924 2558 1002 2599 per
1024 2544 1172 2599 plures
1194 2544 1284 2586 iam
1307 2543 1402 2585 dies
1423 2547 1468 2585 et
1492 2556 1518 2584 a
1540 2541 1950 2584 consultationibus

262 2611 451 2665 publicis
478 2618 663 2668 propter
690 2615 1077 2669 exspectationem
1105 2615 1352 2657 multorum
1381 2613 1667 2655 consiliarum
1695 2617 1739 2654 et
1767 2612 2001 2658 nuntio-30

261 2696 360 2722 rum
401 2684 680 2725 terrestrium
723 2685 874 2726 venire
915 2686 1238 2741 negligentium
1281 2684 1630 2731 abstinentibus,
1673 2683 1839 2724 allatus
1879 2687 1946 2724 est

261 2753 390 2794 nobis
415 2754 498 2795 sub
524 2754 605 2796 hos
631 2754 724 2796 dies
750 2755 892 2797 tristis
917 2762 962 2798 et
988 2757 1205 2798 molestus
1231 2770 1258 2797 a
1283 2755 1523 2810 Magnifico
1549 2753 1753 2808 palatino
1776 2753 1947 2795 Sando-

262 2823 479 2864 miriensil
511 2825 711 2873 nuntius,
745 2827 867 2880 quod
899 2827 1122 2869 voievoda
1153 2826 1407 2868 Moldaviae
1438 2824 1584 2879 ruptis
1616 2823 1869 2865 foederibus
1901 2829 1945 2865 et

263 2898 525 2948 contempta
560 2896 876 2938 benevolentia
911 2911 1016 2952 erga
1051 2911 1096 2939 se
1132 2902 1287 2938 nostra
1323 2895 1546 2937 hostiliter
1582 2894 1629 2935 in
1665 2894 1865 2952 dominia
1901 2899 1945 2936 et

263 2967 404 3004 terras
430 2970 607 3007 nostras
636 2967 823 3008 Russiae
851 2972 895 3009 et
924 2968 1135 3009 Podoliae
1163 2981 1264 3009 cum
1291 2966 1491 3008 exercitu
1517 2969 1562 3006 et
1590 2965 1828 3006 tormentis
1855 2965 1946 3006 bel·
1962 2989 2001 3015 35

263 3033 356 3074 licis
379 3034 600 3088 irruperit,
626 3037 838 3091 quodque
862 3038 951 3079 iam
977 3038 1223 3080 Colomiam
1247 3041 1291 3078 et
1316 3036 1571 3078 districtum
1597 3035 1818 3077 Pokuczie
1843 3049 1946 3077 cum

411 3150 423 3170 1
452 3150 551 3195 Otto
583 3152 631 3185 de
662 3153 852 3187 ChodeCZ.
