2209 3643
315 227 391 263 240
1022 217 1098 251 No.
1124 227 1320 259 199—200
1683 213 1756 267 [13.
1777 218 1888 264 Junii
1911 228 2009 263 1534

1114 367 1212 408 199.

843 464 1135 519 Nagyszeben‚
1156 476 1225 517 13.
1247 465 1384 518 junii
1405 478 1531 520 1534.

629 553 812 592 Mathias
837 554 1110 592 Armbruster
1135 555 1402 595 Ferdinando
1429 557 1461 596 I.
1489 557 1573 608 regi
1600 558 1853 609 Hungariae.

456 653 679 695 Nuntium
698 653 901 695 vaivodae
921 654 977 695 M
979 654 1188 704 oldam'ae,
1209 669 1290 710 quo
1312 670 1354 697 se
1374 660 1579 712 paratum
1599 657 1719 711 offert
1744 657 1831 713 regi
1854 658 1894 699 F
1896 658 2007 699 erdi-

312 725 456 766 nando
489 725 617 776 fidem
650 724 809 766 iurare.
2044 738 2063 764 5

457 831 664 872 Vormals
690 831 782 872 hab
810 831 881 872 ich
910 832 1026 874 auch
1047 832 1340 888 geschrieben
1371 834 1496 877 Ihrer
1525 834 1766 890 Keniglich
1793 835 2006 878 Maiestat

313 901 385 944 die
422 902 655 957 Mahnung
692 902 770 944 des
808 902 1013 944 Moldner
1036 903 1211 946 Waida.
1256 905 1334 946 Ich
1371 905 1462 947 hab
1499 906 1617 948 noch
1654 905 1759 948 kein
1796 906 2006 948 Antwort

314 973 558 1028 entfangen
590 973 685 1014 und
716 973 905 1028 jetzund
936 974 1016 1015 hat
1041 974 1136 1016 sich
1168 975 1247 1017 der
1277 976 1482 1018 Moldner
1513 976 1676 1019 Waida
1706 979 1881 1032 geriisst
1913 977 2007 1018 und

312 1043 399 1084 will
423 1044 501 1085 3111
520 1042 855 1099 Siebenbiirgen
877 1044 1105 1087 kommen.
1131 1046 1193 1087 Er
1214 1046 1295 1088 hat
1318 1046 1413 1088 sich
1435 1048 1633 1089 vormals
1656 1051 1842 1102 erpoten
1865 1047 2007 1089 durch

312 1114 404 1156 sein
433 1115 592 1163 Poten,
621 1114 725 1156 dass
753 1129 800 1156 er
825 1114 914 1156 will
941 1116 1073 1157 stehn
1112 1116 1258 1159 neben
1299 1117 1376 1159 Ihr
1404 1118 1647 1174 Keniglich
1673 1118 1886 1161 Maiestat
1913 1118 2008 1160 und
2024 1128 2062 1154 10

312 1186 455 1227 neben
486 1198 584 1227 uns.
618 1185 703 1226 Mir
732 1186 881 1228 haben
915 1186 1017 1228 Ihm
1048 1192 1282 1242 entpoten,
1315 1202 1361 1229 er
1390 1189 1473 1230 soll
1503 1204 1589 1231 uns
1619 1189 1697 1231 des
1727 1189 2007 1232 versicheren

312 1256 393 1297 mit
424 1255 544 1298 Prief
571 1256 666 1297 und
691 1255 854 1311 Sigeln,
883 1257 965 1299 das
1006 1271 1052 1299 er
1081 1258 1149 1300 bis
1176 1259 1293 1301 noch
1321 1258 1447 1301 nicht
1476 1261 1646 1316 gethon
1674 1261 1770 1309 hat,
1800 1259 1895 1302 und
1922 1259 2009 1301 mir

312 1328 517 1369 forchten
548 1341 633 1369 uns
663 1341 745 1369 vor
775 1327 918 1370 seiner
954 1329 1227 1384 Betrigerei;
1262 1334 1346 1371 etc.

456 1397 610 1439 Geben
637 1398 983 1448 Hermanstadt,
1014 1412 1080 1452 13.
1108 1401 1204 1455 Tag
1225 1400 1351 1455 Junii
1377 1401 1439 1442 im
1461 1402 1577 1456 Jahr
1604 1412 1727 1455 1534.

456 1497 680 1542 (Originale.
696 1498 984 1538 Staatsarchiv,
1002 1499 1127 1532 Wien.
1151 1499 1394 1544 Hungariea.
1424 1500 1587 1535 Edidit:
1611 1500 1760 1535 Archiv
1787 1502 1855 1535 des
1875 1500 2006 1535 Verei-
2023 1506 2062 1532 15

313 1568 381 1591 nes
409 1556 472 1590 1111
501 1557 848 1601 siebenbi'irgische
877 1559 1172 1593 Landeskunde
1202 1558 1279 1592 vol.
1313 1569 1372 1601 29.
1404 1569 1494 1605 pag.
1528 1560 1630 1604 512.)

1112 1710 1210 1751 200.

803 1813 850 1854 N
853 1814 1094 1868 agyszeben,
1121 1827 1161 1869 4.
1190 1815 1381 1870 Augusti
1404 1827 1532 1869 1534.

310 1902 490 1941 Senatus
523 1903 709 1941 civitatis
742 1904 1019 1956 Nagyszeben
1054 1905 1228 1944 Nicolao
1264 1906 1449 1944 Gerendi
1484 1906 1680 1958 episcopo
1713 1905 2006 1957 Transylvani.

462 2001 656 2043 Vaivoda
687 2003 898 2045 crudelem
928 2017 971 2045 se
1001 2017 1099 2045 cum
1130 2004 1349 2046 boiarom's
1379 2004 1564 2046 ostendit
1595 2004 1644 2046 in
1680 2005 1904 2047 Valaclzia.
2021 2026 2063 2051 20

464 2108 560 2150 Has
604 2109 711 2150 Rm³⁰
752 2110 837 2152 Do.
893 2111 983 2152 Vrae
1035 2110 1266 2152 novitates
1319 2110 1511 2153 scribere
1565 2111 1828 2167 poterimus,
1883 2112 2006 2166 quod

311 2179 521 2221 dominus
556 2179 713 2235 Cybak
748 2185 947 2223 castrum
980 2182 1183 2237 Hunyad
1218 2182 1458 2237 occupavit
1495 2186 1539 2224 et
1575 2181 1833 2224 Ludovieus
1867 2182 2006 2224 Gritti

311 2249 519 2291 Turciam
552 2265 765 2306 egressus
799 2252 890 2293 iam
922 2252 967 2294 in
998 2252 1307 2307 Transalpinis
1338 2258 1420 2303 est,
1455 2253 1613 2295 castris
1644 2253 1736 2295 suis
1766 2252 1812 2295 in
1844 2253 2005 2309 Pytest

311 2320 499 2374 positis;
541 2322 599 2363 ad
639 2336 773 2377 quem
814 2323 1001 2377 quidam
1040 2324 1292 2379 boyarones
1331 2324 1532 2366 infideles
1571 2323 1806 2366 waivodae
1843 2324 2005 2366 Trans-

312 2390 553 2445 alpinensis
589 2393 904 2448 confugerunt,
944 2394 1083 2436 alium
1120 2394 1375 2437 waivodam
1425 2395 1601 2437 efficere
1636 2395 1854 2444 volentes,
1893 2408 2006 2449 quos
2021 2413 2059 2440 25

313 2461 496 2515 quidem
540 2462 741 2506 infideles
783 2465 1036 2520 boyarones
1080 2465 1175 2520 ipse
1217 2466 1461 2508 modernus
1503 2466 1651 2508 waida
1682 2464 2006 2521 Transalpinus

313 2536 414 2586 post
446 2537 623 2588 tergum
656 2534 796 2591 ipsius
828 2535 967 2578 Gritti
1000 2536 1207 2591 captivos
1239 2536 1412 2592 accepit
1446 2551 1497 2578 30
1530 2547 1584 2592 75
1617 2536 1925 2592 boyaronibus
1957 2550 2006 2578 05

312 2606 355 2644 51
395 2616 525 2645 113155
566 2606 827 2660 amputavit
880 2611 925 2648 51
966 2608 1168 2662 quinque
1206 2608 1405 2663 potiores
1443 2608 1502 2649 ad
1541 2612 1741 2649 castrum
1781 2606 2007 2649 Paunaiar

313 2673 519 2727 captivos
541 2675 731 2718 deduxit
754 2681 800 2718 51
823 2677 934 2732 quid
956 2677 1119 2720 exinde
1142 2678 1348 2720 futurum
1371 2678 1443 2727 511,
1461 2678 1732 2733 ignoramus.
1758 2678 1901 2719 Fama
1920 2680 2003 2726 est,

311 2743 459 2797 ipsum
487 2744 626 2787 Gritti
654 2747 745 2788 cito
767 2761 848 2802 per
881 2748 1267 2790 Transsilvaniam
1307 2762 1601 2804 egressurum.
1642 2749 1810 2790 Verum
1849 2752 2005 2789 tamen
2019 2766 2058 2793 30

312 2813 540 2864 timemus,
584 2816 620 2857 si
655 2818 848 2859 eundem
879 2832 933 2860 ex
963 2824 1093 2874 parte
1122 2824 1279 2861 nostra
1308 2820 1402 2861 fore
1430 2818 1747 2867 intellexerint,
1780 2818 1903 2873 quod
1932 2817 2004 2860 vel

312 2883 356 2924 in
374 2884 679 2940 Transalpinis
696 2888 768 2929 vel
786 2888 830 2929 in
847 2889 1185 2931 Transsilvania
1202 2889 1407 2931 occident
1425 2894 1470 2931 et
1487 2889 1551 2930 sic
1568 2888 1754 2930 tandem
1771 2887 2004 2944 negotium

313 2967 492 3008 quoque
517 2961 723 2998 nostrum
746 2962 862 3000 esset
885 2958 1188 3014 interceptum
1210 2964 1255 3002 et
1276 2958 1510 3001 eliberatio
1531 2962 1687 3000 nostra
1713 2958 1882 3009 dilata;
1917 2962 2002 3001 ete.

458 3025 631 3067 Datum
661 3027 836 3077 Cibinii,
866 3041 906 3082 4.
936 3029 1145 3084 Augusti,
1175 3030 1310 3071 Anno
1339 3040 1462 3082 1534.

457 3128 1121 3173 (Originale.Staatsarchiv,Wien.
1152 3133 1391 3178 Hungarica.
1410 3132 1740 3168 Edidit:Archiv
1772 3134 1840 3168 des
1871 3134 2003 3169 Verei—
2017 3152 2058 3178 35

314 3193 383 3219 nes
410 3182 474 3219 1111
506 3187 850 3233 siebenbfirgische
879 3192 1173 3227 Landeskunde
1204 3192 1282 3226 vol.
1319 3202 1377 3234 29.
1408 3202 1497 3237 pag.
1529 3192 1631 3237 515.)
