2209 3643
210 231 267 263 19.
289 220 385 255 Maii
411 214 521 269 1530]
969 217 1043 252 No.
1070 220 1140 263 167
1829 227 1902 258 209

205 350 525 393 Moldaviensis
545 354 589 391 et
610 349 655 390 in
676 349 770 391 eius
790 353 1019 404 potestate
1039 349 1257 399 existunt,
1279 350 1333 392 de
1354 363 1549 406 quorum
1570 348 1900 392 rehabitatione

203 435 366 478 pamm
396 421 469 463 vel
497 420 608 462 nihil
638 420 732 475 spei
763 420 923 469 habeo,
955 434 1058 462 cum
1089 426 1196 462 ante
1226 425 1407 476 tempus
1437 420 1651 463 idoneum
1681 425 1725 463 et
1757 420 1900 473 magis

203 493 337 535 rebus
366 485 433 534 Mti
454 492 544 533 Vrae
564 495 726 546 aptum
753 490 808 533 de
836 491 1046 532 manibus
1067 492 1156 533 suis
1177 491 1322 547 excipi
1355 505 1445 533 non
1478 491 1663 546 poterit,
1686 491 1897 539 maxime,

202 563 238 605 si
293 563 339 604 in
394 562 662 605 fidelitatem
717 555 798 603 MtiS
840 563 929 603 Vm
971 562 1246 604 redierit...
1305 563 1543 604 Praeterea
1589 562 1900 605 Sacratissime

169 648 185 674 5
206 634 320 684 Rex,
349 638 400 675 ut
430 633 602 675 incerta
629 633 685 674 de
712 632 894 675 incertis
921 634 1067 688 regnis
1095 638 1251 688 petam
1290 634 1534 688 videasque
1562 647 1688 689 spem
1716 632 1898 689 amplis-

201 705 363 747 simam
408 708 452 746 et
498 704 723 753 fortunae,
770 708 813 746 et
860 704 1087 758 regiminis
1132 697 1213 745 Mtis
1256 705 1346 746 Vme
1378 705 1557 754 habere,
1592 705 1795 760 supplico
1829 697 1896 745 Mti

199 776 303 825 Vm,
337 774 521 817 domino
564 788 664 816 meo
707 775 1057 817 clementissimo
1109 775 1372 825 humillime,
1417 780 1643 830 quatenus
1697 781 1897 818 castrum

199 845 391 901 Nicopol
414 845 459 887 in
483 845 647 887 Turcia
668 845 808 887 situm
831 850 876 888 et
900 846 1075 895 turrim,
1100 860 1216 900 quae
1239 847 1386 888 Minor
1407 846 1618 902 Nicopol²
1641 847 1897 902 appellatur

200 918 245 959 in
278 930 415 972 regno
445 916 829 971 Transalpiniensi
855 917 1076 966 habitam,
1110 931 1307 959 unacum
1339 917 1585 974 Gewrgyo³
1616 922 1661 959 et
1695 918 1896 960 Plewen4

144 1002 180 1028 10
198 993 242 1030 et
285 987 531 1030 eorundem
574 987 794 1029 universis
836 987 1135 1042 pertinentiis,
1180 988 1433 1030 redditibus
1474 993 1518 1030 et
1562 989 1893 1042 emolumentis,

199 1073 303 1101 cum
324 1060 448 1101 Deus
469 1058 684 1113 Optimus
716 1059 942 1100 Maximus
962 1052 1029 1100 Mti
1055 1059 1145 1100 Vme
1165 1064 1323 1101 contra
1354 1059 1684 1101 imanissimum
1716 1061 1894 1104 hostem

197 1130 392 1172 Turcam
413 1129 654 1171 victoriam
676 1129 866 1178 dederit,
889 1129 1001 1171 mihi
1022 1143 1073 1171 ac
1097 1129 1192 1171 filio
1214 1143 1314 1171 meo
1332 1130 1531 1184 Johanni
1565 1131 1894 1188 heredibusque

196 1205 240 1243 et
271 1200 619 1255 posteritatibus
649 1200 760 1241 meis
789 1200 1013 1242 universis
1044 1200 1164 1250 dare,
1197 1201 1364 1242 donare
1394 1206 1439 1242 et
1471 1200 1669 1243 conferre
1699 1204 1894 1257 gratiose

200 1272 456 1326 [dignetur],
487 1275 710 1326 tanquam
741 1271 951 1312 dominus
981 1276 1025 1312 et
1057 1284 1134 1312 rex
1164 1271 1476 1326 gratissimus;
1509 1276 1593 1313 etc.

143 1381 179 1407 15
340 1368 374 1406 A
383 1368 564 1406 nnotatio
585 1372 760 1413 externa,
783 1367 1046 1406 cancellariae
1066 1368 1225 1407 aulicae
1243 1381 1254 1406 .·
1301 1368 1401 1406 Was
1422 1368 1503 1407 den
1523 1369 1685 1408 andern
1704 1371 1892 1422 Artiggel

198 1427 378 1465 etlichen
404 1427 562 1466 Giieter
587 1427 740 1465 halben
767 1427 809 1464 in
836 1427 908 1465 der
934 1427 1160 1478 Thurgkey
1184 1427 1272 1466 und
1298 1427 1602 1478 Transalpinen
1631 1429 1764 1475 Land,
1792 1431 1892 1469 oder

197 1486 426 1537 Walachey
446 1486 623 1531 betrifit,
645 1486 865 1537 verwilligt
888 1486 1136 1537 Konigliche
1156 1487 1231 1526 Mt.
1255 1487 1392 1525 Herrn
1413 1487 1586 1526 Marxen
1609 1488 1889 1541 Pemfflinger,

195 1545 271 1584 wie
296 1558 340 1584 er
364 1546 553 1596 begehrt,
580 1545 818 1596 gnadiglich
843 1558 895 1584 zu
919 1546 1064 1596 geben.

335 1636 561 1682 (Originale.
583 1637 871 1677 Staatsarchiv,
888 1637 1014 1671 VVien.
1043 1637 1285 1682 Hungarica.
1303 1637 1442 1671 Edidit
1461 1648 1467 1672 :
1502 1638 1649 1672 Archiv
1671 1640 1739 1675 des
1758 1641 1891 1676 Verei-

141 1712 178 1738 20
196 1707 266 1731 nes
296 1697 360 1731 fiir
380 1697 728 1742 siebenbi'irgische
757 1697 1051 1732 Landeskunde
1079 1697 1157 1730 vol.
1184 1697 1242 1730 28.
1266 1707 1356 1742 pag.
1382 1698 1613 1743 477—-478.)

993 1860 1092 1902 167.

735 1969 942 2024 Fogaras,
971 1981 1040 2023 19.
1069 1969 1194 2010 Maii
1221 1981 1348 2022 1530.

434 2060 678 2112 Stephanus
708 2059 879 2110 Maylad
909 2059 1177 2098 Ferdinando
1208 2060 1240 2099 Ι.
1272 2060 1358 2111 regi
1388 2061 1646 2111 Hungariae.

335 2158 448 2201 Cum
481 2159 582 2200 urbs
617 2159 780 2200 Brasso'
813 2162 998 2213 tempore
1030 2158 1277 2200 invasionis
1309 2159 1366 2200 M
1368 2159 1618 2201 oldavorum
1649 2160 1813 2212 sortiter
1846 2175 1890 2203 se

138 2243 174 2268 25
187 2230 396 2285 gessisset,
415 2234 531 2285 rogat
547 2234 584 2271 et
600 2229 880 2278 commendat,
900 2234 946 2270 nt
963 2229 1001 2270 ei
1018 2229 1187 2270 lucrum
1204 2229 1432 2284 vigesimae
1448 2230 1608 2272 donare
1625 2231 1887 2286 dignaretur.

332 2336 458 2378 Serme
495 2336 703 2391 princeps
739 2340 784 2377 et
824 2335 1003 2377 domine
1047 2348 1098 2376 ac
1137 2335 1317 2376 domine
1366 2336 1477 2377 mihi
1526 2336 1886 2381 clementissime.

336 2407 589 2449 Praemissa
632 2406 919 2449 servitiorum
963 2419 1166 2447 meorum
1210 2410 1431 2461 perpetua
1480 2408 1888 2451 commendatione.

336 2478 478 2520 Credo
523 2477 627 2520 Mtem
665 2478 767 2519 V‘am
804 2477 960 2519 Ser¹¹¹²¹¹¹¹
988 2490 1079 2517 non
1124 2477 1278 2525 latere,
1326 2477 1479 2532 qualia
1523 2478 1708 2520 servitia
1768 2479 1889 2521 cives

193 2549 536 2591 Brassovienses
566 2549 612 2591 in
642 2549 727 2590 hac
758 2548 977 2590 bellorum
1009 2551 1284 2601 tempestate
1315 2548 1619 2590 exhibuerunt
1651 2554 1696 2591 et
1727 2550 1887 2591 etiam-

138 2631 175 2657 30
190 2633 300 2661 num
325 2620 541 2662 exhibent
563 2633 572 2670 ;
598 2619 816 2674 superiori
840 2618 978 2660 etiam
1003 2622 1177 2659 aestate
1202 2618 1247 2658 in
1272 2618 1348 2659 illa
1371 2632 1537 2674 pugna,
1564 2633 1703 2674 quarn
1728 2625 1886 2662 contra

190 2690 446 2732 waivodam
481 2690 837 2732 Moldaviensem
871 2688 1129 2737 habuimuS,
1167 2688 1300 2730 valde
1335 2690 1485 2732 attriti
1520 2690 1716 2732 fuerunt.
1754 2691 1888 2733 Nunc

190 2761 450 2815 pestilentia
477 2761 681 2816 inprimis
708 2773 923 2815 oppressa
950 2764 1033 2807 est,
1064 2759 1190 2808 adeo,
1220 2764 1272 2800 ut
1299 2760 1433 2814 pauci
1461 2765 1505 2802 et
1534 2761 1666 2810 bello,
1695 2765 1740 2802 et
1768 2762 1886 2816 pesti

190 2844 245 2872 ex
276 2831 384 2886 ipsis
415 2831 657 2886 supersint,
690 2835 923 2885 utcunque
955 2829 1103 2871 adhuc
1136 2829 1298 2871 civitas
1336 2830 1381 2871 in
1427 2831 1515 2872 fide
1560 2824 1642 2872 Mtis
1685 2831 1774 2873 Vrae
1818 2837 1887 2873 est

190 2907 421 2944 reservata
456 2906 501 2944 et
539 2902 584 2943 in
622 2901 849 2956 praesenti
885 2900 1024 2942 etiam
1062 2900 1425 2942 constantissime
1462 2906 1631 2943 manet.
1672 2902 1886 2944 Maiestas

137 2982 172 3009 35
190 2971 262 3013 Vra
300 2972 431 3014 SerIna
476 2972 741 3027 vigesimam
788 2971 988 3013 civitatis
1022 2970 1139 3011 illius
1173 2970 1305 3012 dictis
1351 2971 1526 3013 civibus
1559 2972 1803 3027 deputarat
1839 2978 1883 3015 et

191 3041 375 3084 dederat
412 3043 471 3084 ad
506 3042 895 3085 conservationem
931 3040 1131 3082 eiusdem
1167 3040 1382 3091 civitatis,
1431 3056 1640 3097 nuncque
1680 3043 1886 3098 supplico

328 3193 342 3214 ²
375 3194 506 3228 Hodie
538 3194 675 3228 Turnu
709 3193 924 3238 Miigurele.
1037 3192 1052 3213 ³
1085 3192 1262 3237 Giurgiu.
1391 3193 1405 3213 ⁴¹
1427 3194 1587 3229 Plevna.

258 3279 362 3306 Fontes
381 3281 487 3307 Rerum
507 3282 784 3316 Transylvanicarum
806 3281 859 3307 IV.
1700 3283 1740 3315 14
