<?xml version="1.0" encoding="UTF-8"?>
<!DOCTYPE html PUBLIC "-//W3C//DTD XHTML 1.0 Transitional//EN"
    "http://www.w3.org/TR/xhtml1/DTD/xhtml1-transitional.dtd">
<html xmlns="http://www.w3.org/1999/xhtml" xml:lang="en" lang="en">
 <head>
  <title>
</title>
<meta http-equiv="Content-Type" content="text/html;charset=utf-8" />
  <meta name='ocr-system' content='tesseract 3.04.00' />
  <meta name='ocr-capabilities' content='ocr_page ocr_carea ocr_par ocr_line ocrx_word'/>
</head>
<body>
  <div class='ocr_page' id='page_1' title='image "actaetepistolaer01vereuoft_0222.png"; bbox 0 0 2209 3643; ppageno 0'>
   <div class='ocr_carea' id='block_1_1' title="bbox 274 229 1969 283">
    <p class='ocr_par' dir='ltr' id='par_1_1' title="bbox 274 229 1969 283">
     <span class='ocr_line' id='line_1_1' title="bbox 274 229 1969 283; baseline -0.001 -13"><span class='ocrx_word' id='word_1_1' title='bbox 274 236 346 278; x_wconf 90' lang='lat'>198</span> <span class='ocrx_word' id='word_1_2' title='bbox 1030 233 1105 268; x_wconf 91' lang='lat' dir='ltr'>No.</span> <span class='ocrx_word' id='word_1_3' title='bbox 1131 233 1201 277; x_wconf 89' lang='lat'>158</span> <span class='ocrx_word' id='word_1_4' title='bbox 1635 229 1709 283; x_wconf 85' lang='lat'>[25.</span> <span class='ocrx_word' id='word_1_5' title='bbox 1730 234 1838 280; x_wconf 86' lang='lat' dir='ltr'>Sept.</span> <span class='ocrx_word' id='word_1_6' title='bbox 1864 244 1969 279; x_wconf 81' lang='lat'>1529</span> 
     </span>
    </p>
   </div>
   <div class='ocr_carea' id='block_1_2' title="bbox 272 363 2028 1709">
    <p class='ocr_par' dir='ltr' id='par_1_2' title="bbox 272 363 2028 1412">
     <span class='ocr_line' id='line_1_2' title="bbox 273 363 1971 422; baseline -0.001 -14"><span class='ocrx_word' id='word_1_7' title='bbox 273 366 426 422; x_wconf 90' lang='lat' dir='ltr'>piendi</span> <span class='ocrx_word' id='word_1_8' title='bbox 472 365 705 408; x_wconf 87' lang='lat' dir='ltr'>civitatem</span> <span class='ocrx_word' id='word_1_9' title='bbox 752 364 1002 413; x_wconf 89' lang='lat' dir='ltr'>Bistriciae,</span> <span class='ocrx_word' id='word_1_10' title='bbox 1063 363 1130 405; x_wconf 92' lang='lat' dir='ltr'>ita</span> <span class='ocrx_word' id='word_1_11' title='bbox 1187 363 1284 405; x_wconf 90' lang='lat' dir='ltr'>Deo</span> <span class='ocrx_word' id='word_1_12' title='bbox 1337 363 1490 413; x_wconf 91' lang='lat' dir='ltr'>dante,</span> <span class='ocrx_word' id='word_1_13' title='bbox 1537 364 1663 406; x_wconf 88' lang='lat' dir='ltr'>velut</span> <span class='ocrx_word' id='word_1_14' title='bbox 1710 364 1971 407; x_wconf 91' lang='lat' dir='ltr'>infidelibus</span> 
     </span>
     <span class='ocr_line' id='line_1_3' title="bbox 273 434 1968 491; baseline -0.001 -12"><span class='ocrx_word' id='word_1_15' title='bbox 273 437 497 491; x_wconf 79' lang='lat' dir='ltr'>accipiant</span> <span class='ocrx_word' id='word_1_16' title='bbox 522 440 566 477; x_wconf 94' lang='lat' dir='ltr'>et</span> <span class='ocrx_word' id='word_1_17' title='bbox 591 435 828 489; x_wconf 78' lang='lat' dir='ltr'>imponant</span> <span class='ocrx_word' id='word_1_18' title='bbox 854 434 1073 476; x_wconf 83' lang='lat' dir='ltr'>ditionem</span> <span class='ocrx_word' id='word_1_19' title='bbox 1097 438 1315 476; x_wconf 91' lang='lat' dir='ltr'>nostram.</span> <span class='ocrx_word' id='word_1_20' title='bbox 1343 434 1403 476; x_wconf 87' lang='lat' dir='ltr'>Et</span> <span class='ocrx_word' id='word_1_21' title='bbox 1427 434 1464 475; x_wconf 89' lang='lat' dir='ltr'>si</span> <span class='ocrx_word' id='word_1_22' title='bbox 1489 434 1599 489; x_wconf 91' lang='lat' dir='ltr'>quid</span> <span class='ocrx_word' id='word_1_23' title='bbox 1644 435 1968 477; x_wconf 87' lang='lat' dir='ltr'>contradixeri—</span> 
     </span>
     <span class='ocr_line' id='line_1_4' title="bbox 272 504 1968 556; baseline 0 -8"><span class='ocrx_word' id='word_1_24' title='bbox 272 507 345 556; x_wconf 90' lang='lat' dir='ltr'>tis,</span> <span class='ocrx_word' id='word_1_25' title='bbox 374 512 483 548; x_wconf 88' lang='lat' dir='ltr'>tunc</span> <span class='ocrx_word' id='word_1_26' title='bbox 510 506 666 548; x_wconf 87' lang='lat' dir='ltr'>vineas</span> <span class='ocrx_word' id='word_1_27' title='bbox 686 509 862 547; x_wconf 89' lang='lat' dir='ltr'>vestras</span> <span class='ocrx_word' id='word_1_28' title='bbox 889 518 911 546; x_wconf 93' lang='lat' dir='ltr'>e</span> <span class='ocrx_word' id='word_1_29' title='bbox 938 504 1166 546; x_wconf 79' lang='lat' dir='ltr'>radicibus</span> <span class='ocrx_word' id='word_1_30' title='bbox 1192 505 1401 546; x_wconf 87' lang='lat' dir='ltr'>desecent</span> <span class='ocrx_word' id='word_1_31' title='bbox 1430 510 1475 547; x_wconf 90' lang='lat' dir='ltr'>et</span> <span class='ocrx_word' id='word_1_32' title='bbox 1503 505 1739 547; x_wconf 89' lang='lat' dir='ltr'>civitatem</span> <span class='ocrx_word' id='word_1_33' title='bbox 1766 510 1968 548; x_wconf 88' lang='lat' dir='ltr'>vestram</span> 
     </span>
     <span class='ocr_line' id='line_1_5' title="bbox 273 575 1969 625; baseline 0 -7"><span class='ocrx_word' id='word_1_34' title='bbox 273 577 439 619; x_wconf 91' lang='lat' dir='ltr'>circum</span> <span class='ocrx_word' id='word_1_35' title='bbox 476 576 606 625; x_wconf 83' lang='lat' dir='ltr'>circa,</span> <span class='ocrx_word' id='word_1_36' title='bbox 645 576 786 617; x_wconf 90' lang='lat' dir='ltr'>donec</span> <span class='ocrx_word' id='word_1_37' title='bbox 822 589 904 617; x_wconf 90' lang='lat' dir='ltr'>nos</span> <span class='ocrx_word' id='word_1_38' title='bbox 940 576 1045 617; x_wconf 92' lang='lat' dir='ltr'>illuc</span> <span class='ocrx_word' id='word_1_39' title='bbox 1080 575 1246 617; x_wconf 81' lang='lat' dir='ltr'>ibimus</span> <span class='ocrx_word' id='word_1_40' title='bbox 1281 575 1535 625; x_wconf 90' lang='lat' dir='ltr'>subiicient‚</span> <span class='ocrx_word' id='word_1_41' title='bbox 1558 580 1603 618; x_wconf 90' lang='lat' dir='ltr'>et</span> <span class='ocrx_word' id='word_1_42' title='bbox 1639 576 1676 618; x_wconf 92' lang='lat' dir='ltr'>si</span> <span class='ocrx_word' id='word_1_43' title='bbox 1711 577 1770 618; x_wconf 90' lang='lat' dir='ltr'>ad</span> <span class='ocrx_word' id='word_1_44' title='bbox 1806 590 1969 618; x_wconf 90' lang='lat' dir='ltr'>manus</span> 
     </span>
     <span class='ocr_line' id='line_1_6' title="bbox 272 646 2028 702; baseline -0.002 -13"><span class='ocrx_word' id='word_1_45' title='bbox 272 652 450 689; x_wconf 89' lang='lat' dir='ltr'>nostras</span> <span class='ocrx_word' id='word_1_46' title='bbox 489 646 731 688; x_wconf 81' lang='lat' dir='ltr'>concedere</span> <span class='ocrx_word' id='word_1_47' title='bbox 768 646 899 688; x_wconf 91' lang='lat' dir='ltr'>nobis</span> <span class='ocrx_word' id='word_1_48' title='bbox 937 646 1185 696; x_wconf 85' lang='lat' dir='ltr'>nolueritis,</span> <span class='ocrx_word' id='word_1_49' title='bbox 1226 659 1307 688; x_wconf 84' lang='lat' dir='ltr'>vos</span> <span class='ocrx_word' id='word_1_50' title='bbox 1345 660 1437 688; x_wconf 93' lang='lat' dir='ltr'>una</span> <span class='ocrx_word' id='word_1_51' title='bbox 1475 661 1578 689; x_wconf 90' lang='lat' dir='ltr'>cum</span> <span class='ocrx_word' id='word_1_52' title='bbox 1617 647 1766 702; x_wconf 90' lang='lat' dir='ltr'>pueris</span> <span class='ocrx_word' id='word_1_53' title='bbox 1804 647 1969 689; x_wconf 86' lang='lat' dir='ltr'>vestris</span> <span class='ocrx_word' id='word_1_54' title='bbox 2005 659 2028 685; x_wconf 68' lang='lat' dir='ltr'>r&gt;</span> 
     </span>
     <span class='ocr_line' id='line_1_7' title="bbox 273 717 1970 767; baseline 0 -7"><span class='ocrx_word' id='word_1_55' title='bbox 273 717 530 761; x_wconf 87' lang='lat' dir='ltr'>detruncari</span> <span class='ocrx_word' id='word_1_56' title='bbox 555 722 599 759; x_wconf 91' lang='lat' dir='ltr'>et</span> <span class='ocrx_word' id='word_1_57' title='bbox 625 717 835 759; x_wconf 90' lang='lat' dir='ltr'>decollari</span> <span class='ocrx_word' id='word_1_58' title='bbox 861 717 1093 759; x_wconf 90' lang='lat' dir='ltr'>castellani</span> <span class='ocrx_word' id='word_1_59' title='bbox 1117 717 1260 759; x_wconf 90' lang='lat' dir='ltr'>nostri</span> <span class='ocrx_word' id='word_1_60' title='bbox 1285 717 1495 767; x_wconf 89' lang='lat' dir='ltr'>debeant,</span> <span class='ocrx_word' id='word_1_61' title='bbox 1522 722 1566 760; x_wconf 92' lang='lat' dir='ltr'>et</span> <span class='ocrx_word' id='word_1_62' title='bbox 1592 717 1682 760; x_wconf 91' lang='lat' dir='ltr'>iam</span> <span class='ocrx_word' id='word_1_63' title='bbox 1707 732 1789 760; x_wconf 90' lang='lat' dir='ltr'>nos</span> <span class='ocrx_word' id='word_1_64' title='bbox 1813 732 1970 760; x_wconf 88' lang='lat' dir='ltr'>sumus</span> 
     </span>
     <span class='ocr_line' id='line_1_8' title="bbox 273 788 1970 843; baseline 0.001 -13"><span class='ocrx_word' id='word_1_65' title='bbox 273 789 405 831; x_wconf 90' lang='lat' dir='ltr'>istinc</span> <span class='ocrx_word' id='word_1_66' title='bbox 431 793 590 830; x_wconf 90' lang='lat' dir='ltr'>contra</span> <span class='ocrx_word' id='word_1_67' title='bbox 614 789 799 830; x_wconf 90' lang='lat' dir='ltr'>rebelles</span> <span class='ocrx_word' id='word_1_68' title='bbox 825 788 992 843; x_wconf 77' lang='lat' dir='ltr'>Regiae</span> <span class='ocrx_word' id='word_1_69' title='bbox 1016 788 1282 830; x_wconf 80' lang='lat' dir='ltr'>Maiestatis,</span> <span class='ocrx_word' id='word_1_70' title='bbox 1309 788 1401 830; x_wconf 90' lang='lat' dir='ltr'>Vos</span> <span class='ocrx_word' id='word_1_71' title='bbox 1425 788 1606 830; x_wconf 86' lang='lat' dir='ltr'>interim</span> <span class='ocrx_word' id='word_1_72' title='bbox 1631 789 1817 831; x_wconf 88' lang='lat' dir='ltr'>visitare</span> <span class='ocrx_word' id='word_1_73' title='bbox 1842 790 1970 831; x_wconf 87' lang='lat' dir='ltr'>volu-</span> 
     </span>
     <span class='ocr_line' id='line_1_9' title="bbox 274 858 1971 915; baseline 0 -14"><span class='ocrx_word' id='word_1_74' title='bbox 274 873 375 902; x_wconf 91' lang='lat' dir='ltr'>mus</span> <span class='ocrx_word' id='word_1_75' title='bbox 397 858 688 909; x_wconf 90' lang='lat' dir='ltr'>severissime,</span> <span class='ocrx_word' id='word_1_76' title='bbox 713 864 757 901; x_wconf 90' lang='lat' dir='ltr'>et</span> <span class='ocrx_word' id='word_1_77' title='bbox 780 872 862 901; x_wconf 88' lang='lat' dir='ltr'>vos</span> <span class='ocrx_word' id='word_1_78' title='bbox 884 859 1134 914; x_wconf 88' lang='lat' dir='ltr'>inspiciatis</span> <span class='ocrx_word' id='word_1_79' title='bbox 1155 859 1350 901; x_wconf 87' lang='lat' dir='ltr'>salutem</span> <span class='ocrx_word' id='word_1_80' title='bbox 1372 873 1615 915; x_wconf 91' lang='lat' dir='ltr'>puerorum</span> <span class='ocrx_word' id='word_1_81' title='bbox 1638 864 1682 901; x_wconf 92' lang='lat' dir='ltr'>et</span> <span class='ocrx_word' id='word_1_82' title='bbox 1706 860 1971 915; x_wconf 83' lang='lat' dir='ltr'>consangui-</span> 
     </span>
     <span class='ocr_line' id='line_1_10' title="bbox 275 930 1971 985; baseline 0 -13"><span class='ocrx_word' id='word_1_83' title='bbox 275 944 461 972; x_wconf 88' lang='lat' dir='ltr'>neorum</span> <span class='ocrx_word' id='word_1_84' title='bbox 481 934 752 980; x_wconf 88' lang='lat' dir='ltr'>vestrorum,</span> <span class='ocrx_word' id='word_1_85' title='bbox 783 934 827 972; x_wconf 88' lang='lat' dir='ltr'>et</span> <span class='ocrx_word' id='word_1_86' title='bbox 858 930 976 972; x_wconf 79' lang='lat' dir='ltr'>forte</span> <span class='ocrx_word' id='word_1_87' title='bbox 1003 931 1134 973; x_wconf 85' lang='lat' dir='ltr'>vobis</span> <span class='ocrx_word' id='word_1_88' title='bbox 1162 930 1325 972; x_wconf 91' lang='lat' dir='ltr'>ultima</span> <span class='ocrx_word' id='word_1_89' title='bbox 1353 943 1455 985; x_wconf 89' lang='lat' dir='ltr'>spes</span> <span class='ocrx_word' id='word_1_90' title='bbox 1483 931 1581 980; x_wconf 90' lang='lat' dir='ltr'>erit,</span> <span class='ocrx_word' id='word_1_91' title='bbox 1612 944 1753 985; x_wconf 90' lang='lat' dir='ltr'>quum</span> <span class='ocrx_word' id='word_1_92' title='bbox 1783 945 1810 972; x_wconf 92' lang='lat' dir='ltr'>a</span> <span class='ocrx_word' id='word_1_93' title='bbox 1838 931 1971 973; x_wconf 90' lang='lat' dir='ltr'>vobis</span> 
     </span>
     <span class='ocr_line' id='line_1_11' title="bbox 272 1000 2026 1056; baseline -0.003 -11"><span class='ocrx_word' id='word_1_94' title='bbox 272 1002 494 1045; x_wconf 83' lang='lat' dir='ltr'>violenter</span> <span class='ocrx_word' id='word_1_95' title='bbox 534 1000 697 1043; x_wconf 82' lang='lat' dir='ltr'>civitas</span> <span class='ocrx_word' id='word_1_96' title='bbox 737 1001 1039 1043; x_wconf 88' lang='lat' dir='ltr'>Bistriciensis</span> <span class='ocrx_word' id='word_1_97' title='bbox 1075 1001 1334 1056; x_wconf 91' lang='lat' dir='ltr'>accipietur.</span> <span class='ocrx_word' id='word_1_98' title='bbox 1377 1002 1481 1043; x_wconf 92' lang='lat' dir='ltr'>Non</span> <span class='ocrx_word' id='word_1_99' title='bbox 1521 1001 1715 1043; x_wconf 86' lang='lat' dir='ltr'>libenter</span> <span class='ocrx_word' id='word_1_100' title='bbox 1755 1002 1972 1044; x_wconf 88' lang='lat' dir='ltr'>vellemus</span> <span class='ocrx_word' id='word_1_101' title='bbox 1986 1013 2026 1039; x_wconf 81' lang='lat'>10·</span> 
     </span>
     <span class='ocr_line' id='line_1_12' title="bbox 272 1072 1974 1127; baseline -0.001 -12"><span class='ocrx_word' id='word_1_102' title='bbox 272 1073 425 1115; x_wconf 92' lang='lat' dir='ltr'>ulcisci</span> <span class='ocrx_word' id='word_1_103' title='bbox 459 1085 593 1127; x_wconf 92' lang='lat' dir='ltr'>super</span> <span class='ocrx_word' id='word_1_104' title='bbox 619 1085 708 1122; x_wconf 91' lang='lat' dir='ltr'>eos,</span> <span class='ocrx_word' id='word_1_105' title='bbox 732 1072 768 1114; x_wconf 92' lang='lat' dir='ltr'>si</span> <span class='ocrx_word' id='word_1_106' title='bbox 789 1086 881 1115; x_wconf 92' lang='lat' dir='ltr'>non</span> <span class='ocrx_word' id='word_1_107' title='bbox 903 1073 1059 1114; x_wconf 90' lang='lat' dir='ltr'>essetis</span> <span class='ocrx_word' id='word_1_108' title='bbox 1080 1073 1193 1114; x_wconf 92' lang='lat' dir='ltr'>adeo</span> <span class='ocrx_word' id='word_1_109' title='bbox 1214 1072 1415 1122; x_wconf 78' lang='lat' dir='ltr'>rebelles,</span> <span class='ocrx_word' id='word_1_110' title='bbox 1438 1072 1547 1127; x_wconf 90' lang='lat' dir='ltr'>quia</span> <span class='ocrx_word' id='word_1_111' title='bbox 1566 1073 1714 1114; x_wconf 89' lang='lat' dir='ltr'>multa</span> <span class='ocrx_word' id='word_1_112' title='bbox 1734 1072 1974 1114; x_wconf 89' lang='lat' dir='ltr'>temerarie</span> 
     </span>
     <span class='ocr_line' id='line_1_13' title="bbox 274 1144 1973 1199; baseline -0.001 -14"><span class='ocrx_word' id='word_1_113' title='bbox 274 1144 419 1199; x_wconf 74' lang='lat' dir='ltr'>agitis,</span> <span class='ocrx_word' id='word_1_114' title='bbox 447 1157 564 1198; x_wconf 91' lang='lat' dir='ltr'>quae</span> <span class='ocrx_word' id='word_1_115' title='bbox 589 1157 720 1198; x_wconf 83' lang='lat' dir='ltr'>agere</span> <span class='ocrx_word' id='word_1_116' title='bbox 743 1157 835 1185; x_wconf 91' lang='lat' dir='ltr'>non</span> <span class='ocrx_word' id='word_1_117' title='bbox 861 1144 1098 1193; x_wconf 89' lang='lat' dir='ltr'>deberetis,</span> <span class='ocrx_word' id='word_1_118' title='bbox 1126 1148 1170 1185; x_wconf 91' lang='lat' dir='ltr'>et</span> <span class='ocrx_word' id='word_1_119' title='bbox 1196 1157 1288 1185; x_wconf 94' lang='lat' dir='ltr'>non</span> <span class='ocrx_word' id='word_1_120' title='bbox 1313 1144 1524 1198; x_wconf 83' lang='lat' dir='ltr'>cogitatis</span> <span class='ocrx_word' id='word_1_121' title='bbox 1548 1157 1720 1186; x_wconf 89' lang='lat' dir='ltr'>annum</span> <span class='ocrx_word' id='word_1_122' title='bbox 1745 1144 1973 1198; x_wconf 83' lang='lat' dir='ltr'>integrum</span> 
     </span>
     <span class='ocr_line' id='line_1_14' title="bbox 274 1214 1973 1270; baseline 0 -14"><span class='ocrx_word' id='word_1_123' title='bbox 274 1214 384 1256; x_wconf 89' lang='lat' dir='ltr'>inibi</span> <span class='ocrx_word' id='word_1_124' title='bbox 411 1228 502 1256; x_wconf 92' lang='lat' dir='ltr'>non</span> <span class='ocrx_word' id='word_1_125' title='bbox 531 1214 720 1269; x_wconf 92' lang='lat' dir='ltr'>impleri,</span> <span class='ocrx_word' id='word_1_126' title='bbox 751 1215 893 1256; x_wconf 89' lang='lat' dir='ltr'>donec</span> <span class='ocrx_word' id='word_1_127' title='bbox 921 1214 1075 1270; x_wconf 88' lang='lat' dir='ltr'>capita</span> <span class='ocrx_word' id='word_1_128' title='bbox 1102 1219 1256 1257; x_wconf 88' lang='lat' dir='ltr'>vestra</span> <span class='ocrx_word' id='word_1_129' title='bbox 1283 1227 1445 1256; x_wconf 90' lang='lat' dir='ltr'>manus</span> <span class='ocrx_word' id='word_1_130' title='bbox 1472 1219 1629 1256; x_wconf 90' lang='lat' dir='ltr'>nostra</span> <span class='ocrx_word' id='word_1_131' title='bbox 1656 1214 1879 1256; x_wconf 89' lang='lat' dir='ltr'>ceciderit.</span> <span class='ocrx_word' id='word_1_132' title='bbox 1911 1215 1973 1256; x_wconf 91' lang='lat' dir='ltr'>Et</span> 
     </span>
     <span class='ocr_line' id='line_1_15' title="bbox 274 1285 1974 1341; baseline 0 -14"><span class='ocrx_word' id='word_1_133' title='bbox 274 1299 377 1341; x_wconf 81' lang='lat' dir='ltr'>ergo</span> <span class='ocrx_word' id='word_1_134' title='bbox 405 1286 441 1327; x_wconf 93' lang='lat' dir='ltr'>si</span> <span class='ocrx_word' id='word_1_135' title='bbox 469 1286 703 1327; x_wconf 88' lang='lat' dir='ltr'>volueritis</span> <span class='ocrx_word' id='word_1_136' title='bbox 731 1286 948 1328; x_wconf 86' lang='lat' dir='ltr'>benevole</span> <span class='ocrx_word' id='word_1_137' title='bbox 976 1285 1234 1327; x_wconf 88' lang='lat' dir='ltr'>castellanis</span> <span class='ocrx_word' id='word_1_138' title='bbox 1260 1285 1427 1327; x_wconf 89' lang='lat' dir='ltr'>nostris</span> <span class='ocrx_word' id='word_1_139' title='bbox 1454 1286 1575 1336; x_wconf 89' lang='lat' dir='ltr'>dare,</span> <span class='ocrx_word' id='word_1_140' title='bbox 1605 1285 1736 1327; x_wconf 91' lang='lat' dir='ltr'>vobis</span> <span class='ocrx_word' id='word_1_141' title='bbox 1763 1285 1974 1327; x_wconf 90' lang='lat' dir='ltr'>omnibus</span> 
     </span>
     <span class='ocr_line' id='line_1_16' title="bbox 275 1356 2028 1412; baseline 0 -14"><span class='ocrx_word' id='word_1_142' title='bbox 275 1370 366 1412; x_wconf 85' lang='lat' dir='ltr'>pax</span> <span class='ocrx_word' id='word_1_143' title='bbox 393 1356 537 1398; x_wconf 91' lang='lat' dir='ltr'>aderit</span> <span class='ocrx_word' id='word_1_144' title='bbox 565 1361 609 1398; x_wconf 90' lang='lat' dir='ltr'>et</span> <span class='ocrx_word' id='word_1_145' title='bbox 637 1357 812 1398; x_wconf 91' lang='lat' dir='ltr'>nullum</span> <span class='ocrx_word' id='word_1_146' title='bbox 838 1357 1216 1412; x_wconf 90' lang='lat' dir='ltr'>impedimentum</span> <span class='ocrx_word' id='word_1_147' title='bbox 1242 1356 1483 1398; x_wconf 90' lang='lat' dir='ltr'>habebitis.</span> <span class='ocrx_word' id='word_1_148' title='bbox 1989 1367 2028 1394; x_wconf 75' lang='lat'>15</span> 
     </span>
    </p>

    <p class='ocr_par' dir='ltr' id='par_1_3' title="bbox 274 1427 1974 1554">
     <span class='ocr_line' id='line_1_17' title="bbox 419 1427 1974 1483; baseline -0.001 -14"><span class='ocrx_word' id='word_1_149' title='bbox 419 1428 567 1469; x_wconf 88' lang='lat' dir='ltr'>Datae</span> <span class='ocrx_word' id='word_1_150' title='bbox 600 1428 827 1469; x_wconf 86' lang='lat' dir='ltr'>Balowiae</span> <span class='ocrx_word' id='word_1_151' title='bbox 859 1428 971 1469; x_wconf 74' lang='lat' dir='ltr'>seria</span> <span class='ocrx_word' id='word_1_152' title='bbox 1002 1432 1133 1470; x_wconf 83' lang='lat' dir='ltr'>sexta</span> <span class='ocrx_word' id='word_1_153' title='bbox 1164 1432 1267 1483; x_wconf 91' lang='lat' dir='ltr'>post</span> <span class='ocrx_word' id='word_1_154' title='bbox 1300 1428 1468 1469; x_wconf 78' lang='lat' dir='ltr'>festum</span> <span class='ocrx_word' id='word_1_155' title='bbox 1501 1427 1773 1469; x_wconf 87' lang='lat' dir='ltr'>Nativitatis</span> <span class='ocrx_word' id='word_1_156' title='bbox 1805 1427 1974 1468; x_wconf 88' lang='lat' dir='ltr'>Mariae</span> 
     </span>
     <span class='ocr_line' id='line_1_18' title="bbox 274 1498 621 1554; baseline 0.003 -15"><span class='ocrx_word' id='word_1_157' title='bbox 274 1498 469 1553; x_wconf 85' lang='lat' dir='ltr'>Virginis</span> <span class='ocrx_word' id='word_1_158' title='bbox 497 1509 621 1554; x_wconf 82' lang='lat'>1529.</span> 
     </span>
    </p>

    <p class='ocr_par' dir='ltr' id='par_1_4' title="bbox 272 1603 1970 1709">
     <span class='ocr_line' id='line_1_19' title="bbox 411 1603 1970 1649; baseline -0.001 -11"><span class='ocrx_word' id='word_1_159' title='bbox 411 1604 548 1649; x_wconf 88' lang='lat' dir='ltr'>(Copia</span> <span class='ocrx_word' id='word_1_160' title='bbox 568 1604 750 1649; x_wconf 83' lang='lat' dir='ltr'>simplex.</span> <span class='ocrx_word' id='word_1_161' title='bbox 769 1604 1236 1643; x_wconf 82' lang='lat' dir='ltr'>Brukenthal-Museum,</span> <span class='ocrx_word' id='word_1_162' title='bbox 1255 1604 1516 1649; x_wconf 83' lang='lat' dir='ltr'>Nagyszeben</span> <span class='ocrx_word' id='word_1_163' title='bbox 1532 1614 1540 1644; x_wconf 87' lang='lat'>;</span> <span class='ocrx_word' id='word_1_164' title='bbox 1565 1604 1748 1638; x_wconf 89' lang='lat' dir='ltr'>Wilhelm</span> <span class='ocrx_word' id='word_1_165' title='bbox 1762 1603 1970 1639; x_wconf 83' lang='lat' dir='ltr'>Schmidt:</span> 
     </span>
     <span class='ocr_line' id='line_1_20' title="bbox 272 1663 1745 1709; baseline -0.001 -11"><span class='ocrx_word' id='word_1_166' title='bbox 272 1664 493 1698; x_wconf 86' lang='lat' dir='ltr'>Urkunden</span> <span class='ocrx_word' id='word_1_167' title='bbox 527 1675 597 1698; x_wconf 93' lang='lat' dir='ltr'>zur</span> <span class='ocrx_word' id='word_1_168' title='bbox 629 1664 868 1699; x_wconf 86' lang='lat' dir='ltr'>Geschiehte</span> <span class='ocrx_word' id='word_1_169' title='bbox 900 1674 980 1698; x_wconf 89' lang='lat' dir='ltr'>von</span> <span class='ocrx_word' id='word_1_170' title='bbox 1010 1664 1306 1709; x_wconf 80' lang='lat' dir='ltr'>Siebenbiirgen</span> <span class='ocrx_word' id='word_1_171' title='bbox 1338 1663 1415 1697; x_wconf 91' lang='lat' dir='ltr'>vol.</span> <span class='ocrx_word' id='word_1_172' title='bbox 1451 1663 1482 1696; x_wconf 92' lang='grc' dir='ltr'>Ι.</span> <span class='ocrx_word' id='word_1_173' title='bbox 1518 1673 1607 1708; x_wconf 84' lang='lat' dir='ltr'>pag.</span> <span class='ocrx_word' id='word_1_174' title='bbox 1645 1663 1745 1708; x_wconf 85' lang='lat'>711.)</span> 
     </span>
    </p>
   </div>
   <div class='ocr_carea' id='block_1_3' title="bbox 1073 1839 2028 1881">
    <p class='ocr_par' dir='ltr' id='par_1_5' title="bbox 1073 1839 2028 1881">
     <span class='ocr_line' id='line_1_21' title="bbox 1073 1839 2028 1881; baseline -0.002 -1"><span class='ocrx_word' id='word_1_175' title='bbox 1073 1839 1172 1881; x_wconf 87' lang='lat'>158.</span> <span class='ocrx_word' id='word_1_176' title='bbox 1987 1853 2028 1879; x_wconf 82' lang='lat'>20</span> 
     </span>
    </p>
   </div>
   <div class='ocr_carea' id='block_1_4' title="bbox 747 1950 1498 2005">
    <p class='ocr_par' dir='ltr' id='par_1_6' title="bbox 747 1950 1498 2005">
     <span class='ocr_line' id='line_1_22' title="bbox 747 1950 1498 2005; baseline -0.001 -13"><span class='ocrx_word' id='word_1_177' title='bbox 747 1950 964 2000; x_wconf 77' lang='lat' dir='ltr'>Doborka,</span> <span class='ocrx_word' id='word_1_178' title='bbox 990 1961 1058 2003; x_wconf 84' lang='lat'>25.</span> <span class='ocrx_word' id='word_1_179' title='bbox 1086 1950 1347 2005; x_wconf 75' lang='lat' dir='ltr'>Septembris</span> <span class='ocrx_word' id='word_1_180' title='bbox 1371 1962 1498 2005; x_wconf 84' lang='lat'><strong><em>1529.</em></strong></span> 
     </span>
    </p>
   </div>
   <div class='ocr_carea' id='block_1_5' title="bbox 478 2040 1734 2092">
    <p class='ocr_par' dir='ltr' id='par_1_7' title="bbox 478 2040 1734 2092">
     <span class='ocr_line' id='line_1_23' title="bbox 478 2040 1734 2092; baseline -0.001 -12"><span class='ocrx_word' id='word_1_181' title='bbox 478 2042 644 2080; x_wconf 90' lang='lat' dir='ltr'>Marcus</span> <span class='ocrx_word' id='word_1_182' title='bbox 680 2041 949 2092; x_wconf 79' lang='lat' dir='ltr'>Pemfflinger</span> <span class='ocrx_word' id='word_1_183' title='bbox 984 2040 1252 2079; x_wconf 85' lang='lat' dir='ltr'>Ferdinando</span> <span class='ocrx_word' id='word_1_184' title='bbox 1288 2041 1320 2079; x_wconf 94' lang='grc' dir='ltr'>Ι.</span> <span class='ocrx_word' id='word_1_185' title='bbox 1358 2041 1443 2092; x_wconf 82' lang='lat' dir='ltr'>regi</span> <span class='ocrx_word' id='word_1_186' title='bbox 1480 2041 1734 2092; x_wconf 82' lang='lat' dir='ltr'>Hungariae.</span> 
     </span>
    </p>
   </div>
   <div class='ocr_carea' id='block_1_6' title="bbox 422 2139 1597 2193">
    <p class='ocr_par' dir='ltr' id='par_1_8' title="bbox 422 2139 1597 2193">
     <span class='ocr_line' id='line_1_24' title="bbox 422 2139 1597 2193; baseline -0.001 -11"><span class='ocrx_word' id='word_1_187' title='bbox 422 2140 623 2182; x_wconf 71' lang='lat' dir='ltr'>Moldavz&#39;</span> <span class='ocrx_word' id='word_1_188' title='bbox 660 2145 696 2181; x_wconf 82' lang='lat' dir='ltr'>et</span> <span class='ocrx_word' id='word_1_189' title='bbox 738 2139 920 2182; x_wconf 73' lang='lat' dir='ltr'>Valacki</span> <span class='ocrx_word' id='word_1_190' title='bbox 959 2139 1329 2193; x_wconf 66' lang='lat' dir='ltr'>Transylvam&#39;am</span> <span class='ocrx_word' id='word_1_191' title='bbox 1365 2139 1597 2181; x_wconf 74' lang='lat' dir='ltr'>devastant.</span> 
     </span>
    </p>
   </div>
   <div class='ocr_carea' id='block_1_7' title="bbox 282 2240 2031 2585">
    <p class='ocr_par' dir='ltr' id='par_1_9' title="bbox 282 2240 2031 2585">
     <span class='ocr_line' id='line_1_25' title="bbox 426 2240 1972 2301; baseline -0.001 -12"><span class='ocrx_word' id='word_1_192' title='bbox 426 2247 566 2289; x_wconf 88' lang='lat' dir='ltr'>Credo</span> <span class='ocrx_word' id='word_1_193' title='bbox 618 2240 684 2288; x_wconf 80' lang='lat' dir='ltr'>Mti</span> <span class='ocrx_word' id='word_1_194' title='bbox 729 2247 819 2289; x_wconf 70' lang='lat' dir='ltr'>Vrae</span> <span class='ocrx_word' id='word_1_195' title='bbox 858 2251 1077 2296; x_wconf 88' lang='lat' dir='ltr'>constare,</span> <span class='ocrx_word' id='word_1_196' title='bbox 1132 2246 1177 2287; x_wconf 92' lang='lat' dir='ltr'>in</span> <span class='ocrx_word' id='word_1_197' title='bbox 1219 2259 1310 2300; x_wconf 89' lang='lat' dir='ltr'>qua</span> <span class='ocrx_word' id='word_1_198' title='bbox 1362 2246 1636 2296; x_wconf 87' lang='lat' dir='ltr'>calamitate,</span> <span class='ocrx_word' id='word_1_199' title='bbox 1690 2246 1888 2301; x_wconf 89' lang='lat' dir='ltr'>periculo</span> <span class='ocrx_word' id='word_1_200' title='bbox 1928 2251 1972 2288; x_wconf 89' lang='lat' dir='ltr'>et</span> 
     </span>
     <span class='ocr_line' id='line_1_26' title="bbox 282 2310 2031 2372; baseline 0.001 -15"><span class='ocrx_word' id='word_1_201' title='bbox 282 2318 567 2372; x_wconf 87' lang='lat' dir='ltr'>oppressione</span> <span class='ocrx_word' id='word_1_202' title='bbox 630 2319 714 2360; x_wconf 91' lang='lat' dir='ltr'>hoc</span> <span class='ocrx_word' id='word_1_203' title='bbox 783 2331 970 2372; x_wconf 85' lang='lat' dir='ltr'>regnum</span> <span class='ocrx_word' id='word_1_204' title='bbox 1023 2310 1104 2359; x_wconf 75' lang='lat' dir='ltr'>Mtis</span> <span class='ocrx_word' id='word_1_205' title='bbox 1166 2317 1256 2358; x_wconf 74' lang='lat' dir='ltr'>Vrae</span> <span class='ocrx_word' id='word_1_206' title='bbox 1310 2316 1735 2365; x_wconf 85' lang='lat' dir='ltr'>Transsilvaniense,</span> <span class='ocrx_word' id='word_1_207' title='bbox 1789 2322 1975 2372; x_wconf 88' lang='lat' dir='ltr'>propter</span> <span class='ocrx_word' id='word_1_208' title='bbox 1989 2324 2031 2349; x_wconf 73' lang='lat'>25</span> 
     </span>
     <span class='ocr_line' id='line_1_27' title="bbox 283 2387 1976 2443; baseline 0 -14"><span class='ocrx_word' id='word_1_209' title='bbox 283 2387 482 2430; x_wconf 89' lang='lat' dir='ltr'>infideles</span> <span class='ocrx_word' id='word_1_210' title='bbox 520 2389 796 2443; x_wconf 89' lang='lat' dir='ltr'>Johannitas</span> <span class='ocrx_word' id='word_1_211' title='bbox 837 2389 1018 2430; x_wconf 85' lang='lat' dir='ltr'>existat.</span> <span class='ocrx_word' id='word_1_212' title='bbox 1065 2388 1197 2443; x_wconf 76' lang='lat' dir='ltr'>Quod</span> <span class='ocrx_word' id='word_1_213' title='bbox 1238 2388 1406 2429; x_wconf 92' lang='lat' dir='ltr'>nedum</span> <span class='ocrx_word' id='word_1_214' title='bbox 1447 2402 1527 2443; x_wconf 92' lang='lat' dir='ltr'>per</span> <span class='ocrx_word' id='word_1_215' title='bbox 1564 2388 1852 2442; x_wconf 85' lang='lat' dir='ltr'>Johannitas,</span> <span class='ocrx_word' id='word_1_216' title='bbox 1897 2387 1976 2429; x_wconf 93' lang='lat' dir='ltr'>sed</span> 
     </span>
     <span class='ocr_line' id='line_1_28' title="bbox 283 2458 1976 2514; baseline -0.001 -13"><span class='ocrx_word' id='word_1_217' title='bbox 283 2459 421 2501; x_wconf 88' lang='lat' dir='ltr'>etiam</span> <span class='ocrx_word' id='word_1_218' title='bbox 441 2473 520 2514; x_wconf 90' lang='lat' dir='ltr'>per</span> <span class='ocrx_word' id='word_1_219' title='bbox 539 2459 867 2501; x_wconf 86' lang='lat' dir='ltr'>Moldavienses</span> <span class='ocrx_word' id='word_1_220' title='bbox 888 2464 931 2501; x_wconf 91' lang='lat' dir='ltr'>et</span> <span class='ocrx_word' id='word_1_221' title='bbox 947 2459 1346 2514; x_wconf 86' lang='lat' dir='ltr'>Transalpinenses</span> <span class='ocrx_word' id='word_1_222' title='bbox 1367 2459 1412 2500; x_wconf 92' lang='lat' dir='ltr'>in</span> <span class='ocrx_word' id='word_1_223' title='bbox 1432 2459 1552 2500; x_wconf 91' lang='lat' dir='ltr'>hunc</span> <span class='ocrx_word' id='word_1_224' title='bbox 1572 2472 1715 2513; x_wconf 85' lang='lat' dir='ltr'>usque</span> <span class='ocrx_word' id='word_1_225' title='bbox 1735 2459 1853 2500; x_wconf 90' lang='lat' dir='ltr'>diem</span> <span class='ocrx_word' id='word_1_226' title='bbox 1875 2458 1976 2513; x_wconf 83' lang='lat' dir='ltr'>igne</span> 
     </span>
     <span class='ocr_line' id='line_1_29' title="bbox 284 2528 1973 2585; baseline -0.001 -14"><span class='ocrx_word' id='word_1_227' title='bbox 284 2534 328 2571; x_wconf 89' lang='lat' dir='ltr'>et</span> <span class='ocrx_word' id='word_1_228' title='bbox 360 2531 477 2571; x_wconf 76' lang='lat' dir='ltr'>ferro</span> <span class='ocrx_word' id='word_1_229' title='bbox 506 2532 753 2580; x_wconf 86' lang='lat' dir='ltr'>vastatur,¹</span> <span class='ocrx_word' id='word_1_230' title='bbox 791 2531 918 2580; x_wconf 79' lang='lat' dir='ltr'>adeo,</span> <span class='ocrx_word' id='word_1_231' title='bbox 950 2535 1001 2572; x_wconf 85' lang='lat' dir='ltr'>ut</span> <span class='ocrx_word' id='word_1_232' title='bbox 1033 2530 1117 2571; x_wconf 92' lang='lat' dir='ltr'>nisi</span> <span class='ocrx_word' id='word_1_233' title='bbox 1159 2530 1251 2571; x_wconf 90' lang='lat' dir='ltr'>cito</span> <span class='ocrx_word' id='word_1_234' title='bbox 1280 2543 1359 2585; x_wconf 91' lang='lat' dir='ltr'>per</span> <span class='ocrx_word' id='word_1_235' title='bbox 1389 2528 1491 2570; x_wconf 72' lang='lat' dir='ltr'>Mtem</span> <span class='ocrx_word' id='word_1_236' title='bbox 1540 2530 1580 2570; x_wconf 95' lang='lat' dir='ltr'>V</span> <span class='ocrx_word' id='word_1_237' title='bbox 1582 2531 1640 2547; x_wconf 68' lang='lat'><em>¹¹¹¹¹</em></span> <span class='ocrx_word' id='word_1_238' title='bbox 1681 2529 1892 2584; x_wconf 83' lang='lat' dir='ltr'>gentibus</span> <span class='ocrx_word' id='word_1_239' title='bbox 1928 2533 1973 2570; x_wconf 87' lang='lat' dir='ltr'>et</span> 
     </span>
    </p>
   </div>
   <div class='ocr_carea' id='block_1_8' title="bbox 317 2631 988 2635">
    <p class='ocr_par' dir='ltr' id='par_1_10' title="bbox 317 2631 988 2635">
     <span class='ocr_line' id='line_1_30' title="bbox 317 2631 988 2635; baseline 0 0"><span class='ocrx_word' id='word_1_240' title='bbox 317 2631 988 2635; x_wconf 95' lang='lat' dir='ltr'> </span> 
     </span>
    </p>
   </div>
   <div class='ocr_carea' id='block_1_9' title="bbox 284 2680 2030 3243">
    <p class='ocr_par' dir='ltr' id='par_1_11' title="bbox 284 2680 2030 3243">
     <span class='ocr_line' id='line_1_31' title="bbox 432 2680 1974 2729; baseline -0.003 -11"><span class='ocrx_word' id='word_1_241' title='bbox 432 2684 445 2704; x_wconf 83' lang='lat'>1</span> <span class='ocrx_word' id='word_1_242' title='bbox 471 2683 726 2729; x_wconf 88' lang='lat' dir='ltr'>Ostermayer</span> <span class='ocrx_word' id='word_1_243' title='bbox 755 2684 791 2727; x_wconf 86' lang='lat' dir='ltr'>(l.</span> <span class='ocrx_word' id='word_1_244' title='bbox 820 2695 851 2718; x_wconf 88' lang='lat' dir='ltr'>c.</span> <span class='ocrx_word' id='word_1_245' title='bbox 879 2684 982 2729; x_wconf 85' lang='lat'>499.)</span> <span class='ocrx_word' id='word_1_246' title='bbox 1009 2684 1115 2718; x_wconf 91' lang='lat' dir='ltr'>idem</span> <span class='ocrx_word' id='word_1_247' title='bbox 1140 2684 1285 2718; x_wconf 74' lang='lat' dir='ltr'>refert:</span> <span class='ocrx_word' id='word_1_248' title='bbox 1314 2683 1369 2717; x_wconf 90' lang='lat' dir='ltr'>Zu</span> <span class='ocrx_word' id='word_1_249' title='bbox 1395 2683 1521 2717; x_wconf 90' lang='lat' dir='ltr'>dieser</span> <span class='ocrx_word' id='word_1_250' title='bbox 1545 2682 1631 2716; x_wconf 86' lang='lat' dir='ltr'>Zeit</span> <span class='ocrx_word' id='word_1_251' title='bbox 1660 2681 1785 2726; x_wconf 83' lang='lat'>(1529)</span> <span class='ocrx_word' id='word_1_252' title='bbox 1814 2682 1886 2715; x_wconf 87' lang='lat' dir='ltr'>hat</span> <span class='ocrx_word' id='word_1_253' title='bbox 1911 2680 1974 2714; x_wconf 90' lang='lat' dir='ltr'>ein</span> 
     </span>
     <span class='ocr_line' id='line_1_32' title="bbox 284 2739 2027 2787; baseline -0.001 -13"><span class='ocrx_word' id='word_1_254' title='bbox 284 2740 578 2776; x_wconf 86' lang='lat' dir='ltr'>wallachischer</span> <span class='ocrx_word' id='word_1_255' title='bbox 604 2742 734 2786; x_wconf 87' lang='lat' dir='ltr'>Boyer</span> <span class='ocrx_word' id='word_1_256' title='bbox 759 2743 834 2777; x_wconf 91' lang='lat' dir='ltr'>mit</span> <span class='ocrx_word' id='word_1_257' title='bbox 859 2742 1015 2776; x_wconf 88' lang='lat' dir='ltr'>Namen</span> <span class='ocrx_word' id='word_1_258' title='bbox 1041 2743 1203 2787; x_wconf 86' lang='lat' dir='ltr'>Dragan</span> <span class='ocrx_word' id='word_1_259' title='bbox 1229 2743 1305 2776; x_wconf 89' lang='lat' dir='ltr'>den</span> <span class='ocrx_word' id='word_1_260' title='bbox 1331 2741 1632 2775; x_wconf 87' lang='lat' dir='ltr'>wallachischen</span> <span class='ocrx_word' id='word_1_261' title='bbox 1658 2740 1814 2784; x_wconf 89' lang='lat' dir='ltr'>Wayda</span> <span class='ocrx_word' id='word_1_262' title='bbox 1839 2739 1974 2773; x_wconf 89' lang='lat' dir='ltr'>seinen</span> <span class='ocrx_word' id='word_1_263' title='bbox 1989 2746 2027 2772; x_wconf 83' lang='lat'>30</span> 
     </span>
     <span class='ocr_line' id='line_1_33' title="bbox 287 2798 1973 2846; baseline -0.001 -14"><span class='ocrx_word' id='word_1_264' title='bbox 287 2799 417 2833; x_wconf 90' lang='lat' dir='ltr'>Herrn</span> <span class='ocrx_word' id='word_1_265' title='bbox 438 2801 679 2835; x_wconf 87' lang='lat' dir='ltr'>umbbracht</span> <span class='ocrx_word' id='word_1_266' title='bbox 694 2802 775 2835; x_wconf 91' lang='lat' dir='ltr'>und</span> <span class='ocrx_word' id='word_1_267' title='bbox 791 2801 903 2835; x_wconf 91' lang='lat' dir='ltr'>einen</span> <span class='ocrx_word' id='word_1_268' title='bbox 919 2801 1067 2846; x_wconf 84' lang='lat' dir='ltr'>jungeri</span> <span class='ocrx_word' id='word_1_269' title='bbox 1082 2801 1258 2835; x_wconf 88' lang='lat' dir='ltr'>Namens</span> <span class='ocrx_word' id='word_1_270' title='bbox 1272 2800 1409 2845; x_wconf 91' lang='lat' dir='ltr'>Moyse</span> <span class='ocrx_word' id='word_1_271' title='bbox 1424 2799 1580 2844; x_wconf 87' lang='lat' dir='ltr'>Wayda</span> <span class='ocrx_word' id='word_1_272' title='bbox 1601 2798 1867 2842; x_wconf 73' lang='lat' dir='ltr'>ausgeworfen</span> <span class='ocrx_word' id='word_1_273' title='bbox 1892 2799 1973 2832; x_wconf 90' lang='lat' dir='ltr'>und</span> 
     </span>
     <span class='ocr_line' id='line_1_34' title="bbox 286 2857 1974 2894; baseline -0.001 -3"><span class='ocrx_word' id='word_1_274' title='bbox 286 2858 360 2892; x_wconf 89' lang='lat' dir='ltr'>mit</span> <span class='ocrx_word' id='word_1_275' title='bbox 389 2858 536 2893; x_wconf 91' lang='lat' dir='ltr'>diesem</span> <span class='ocrx_word' id='word_1_276' title='bbox 566 2859 642 2893; x_wconf 91' lang='lat' dir='ltr'>mit</span> <span class='ocrx_word' id='word_1_277' title='bbox 671 2859 811 2893; x_wconf 89' lang='lat' dir='ltr'>vielem</span> <span class='ocrx_word' id='word_1_278' title='bbox 842 2860 945 2894; x_wconf 88' lang='lat' dir='ltr'>Volk</span> <span class='ocrx_word' id='word_1_279' title='bbox 974 2860 1044 2894; x_wconf 81' lang='lat' dir='ltr'>auf</span> <span class='ocrx_word' id='word_1_280' title='bbox 1072 2860 1143 2894; x_wconf 89' lang='lat' dir='ltr'>das</span> <span class='ocrx_word' id='word_1_281' title='bbox 1173 2858 1406 2892; x_wconf 88' lang='lat' dir='ltr'>Eisernthor</span> <span class='ocrx_word' id='word_1_282' title='bbox 1434 2857 1504 2891; x_wconf 78' lang='lat' dir='ltr'>auf</span> <span class='ocrx_word' id='word_1_283' title='bbox 1535 2857 1784 2890; x_wconf 87' lang='lat' dir='ltr'>Karansebes</span> <span class='ocrx_word' id='word_1_284' title='bbox 1813 2857 1974 2891; x_wconf 89' lang='lat' dir='ltr'>heraus-</span> 
     </span>
     <span class='ocr_line' id='line_1_35' title="bbox 287 2915 1974 2960; baseline 0 -12"><span class='ocrx_word' id='word_1_285' title='bbox 287 2915 484 2957; x_wconf 88' lang='lat' dir='ltr'>kommen,</span> <span class='ocrx_word' id='word_1_286' title='bbox 513 2927 592 2951; x_wconf 88' lang='lat' dir='ltr'>von</span> <span class='ocrx_word' id='word_1_287' title='bbox 619 2918 688 2952; x_wconf 91' lang='lat' dir='ltr'>der</span> <span class='ocrx_word' id='word_1_288' title='bbox 713 2919 783 2952; x_wconf 83' lang='lat' dir='ltr'>auf</span> <span class='ocrx_word' id='word_1_289' title='bbox 807 2918 1080 2957; x_wconf 87' lang='lat' dir='ltr'>Mellembach,</span> <span class='ocrx_word' id='word_1_290' title='bbox 1108 2917 1275 2957; x_wconf 71' lang='lat' dir='ltr'>willens,</span> <span class='ocrx_word' id='word_1_291' title='bbox 1297 2916 1375 2950; x_wconf 91' lang='lat' dir='ltr'>den</span> <span class='ocrx_word' id='word_1_292' title='bbox 1399 2915 1593 2960; x_wconf 89' lang='lat' dir='ltr'>Mayladt,</span> <span class='ocrx_word' id='word_1_293' title='bbox 1623 2925 1665 2949; x_wconf 92' lang='lat' dir='ltr'>so</span> <span class='ocrx_word' id='word_1_294' title='bbox 1691 2915 1896 2955; x_wconf 89' lang='lat' dir='ltr'>darinnen,</span> <span class='ocrx_word' id='word_1_295' title='bbox 1927 2927 1974 2949; x_wconf 88' lang='lat' dir='ltr'>zu</span> 
     </span>
     <span class='ocr_line' id='line_1_36' title="bbox 287 2973 1977 3021; baseline 0.001 -14"><span class='ocrx_word' id='word_1_296' title='bbox 287 2974 515 3016; x_wconf 76' lang='lat' dir='ltr'>iiberfallen‚</span> <span class='ocrx_word' id='word_1_297' title='bbox 540 2977 612 3010; x_wconf 89' lang='lat' dir='ltr'>hat</span> <span class='ocrx_word' id='word_1_298' title='bbox 634 2976 729 3010; x_wconf 89' lang='lat' dir='ltr'>aber</span> <span class='ocrx_word' id='word_1_299' title='bbox 750 2977 880 3010; x_wconf 87' lang='lat' dir='ltr'>nichts</span> <span class='ocrx_word' id='word_1_300' title='bbox 895 2976 1130 3021; x_wconf 85' lang='lat' dir='ltr'>ausgericht,</span> <span class='ocrx_word' id='word_1_301' title='bbox 1147 2976 1329 3015; x_wconf 87' lang='lat' dir='ltr'>sondem,</span> <span class='ocrx_word' id='word_1_302' title='bbox 1346 2974 1541 3008; x_wconf 89' lang='lat' dir='ltr'>nachdem</span> <span class='ocrx_word' id='word_1_303' title='bbox 1564 2984 1604 3007; x_wconf 91' lang='lat' dir='ltr'>er</span> <span class='ocrx_word' id='word_1_304' title='bbox 1626 2984 1673 3007; x_wconf 91' lang='lat' dir='ltr'>zu</span> <span class='ocrx_word' id='word_1_305' title='bbox 1696 2973 1977 3018; x_wconf 82' lang='lat' dir='ltr'>VVeissenburg</span> 
     </span>
     <span class='ocr_line' id='line_1_37' title="bbox 288 3031 2030 3079; baseline 0.001 -14"><span class='ocrx_word' id='word_1_306' title='bbox 288 3032 406 3066; x_wconf 90' lang='lat' dir='ltr'>etlich</span> <span class='ocrx_word' id='word_1_307' title='bbox 428 3033 511 3078; x_wconf 84' lang='lat' dir='ltr'>Tag</span> <span class='ocrx_word' id='word_1_308' title='bbox 533 3034 612 3068; x_wconf 91' lang='lat' dir='ltr'>still</span> <span class='ocrx_word' id='word_1_309' title='bbox 635 3034 804 3079; x_wconf 87' lang='lat' dir='ltr'>gelegen,</span> <span class='ocrx_word' id='word_1_310' title='bbox 829 3035 973 3069; x_wconf 90' lang='lat' dir='ltr'>wieder</span> <span class='ocrx_word' id='word_1_311' title='bbox 994 3035 1128 3069; x_wconf 90' lang='lat' dir='ltr'>seinen</span> <span class='ocrx_word' id='word_1_312' title='bbox 1151 3034 1248 3078; x_wconf 86' lang='lat' dir='ltr'>Weg</span> <span class='ocrx_word' id='word_1_313' title='bbox 1270 3033 1374 3067; x_wconf 88' lang='lat' dir='ltr'>nach</span> <span class='ocrx_word' id='word_1_314' title='bbox 1395 3033 1465 3066; x_wconf 92' lang='lat' dir='ltr'>der</span> <span class='ocrx_word' id='word_1_315' title='bbox 1486 3031 1701 3066; x_wconf 87' lang='lat' dir='ltr'>Wallachei</span> <span class='ocrx_word' id='word_1_316' title='bbox 1723 3042 1972 3076; x_wconf 84' lang='lat' dir='ltr'>genommen.</span> <span class='ocrx_word' id='word_1_317' title='bbox 1991 3040 2030 3066; x_wconf 77' lang='lat'>35</span> 
     </span>
     <span class='ocr_line' id='line_1_38' title="bbox 289 3089 1974 3138; baseline 0.001 -15"><span class='ocrx_word' id='word_1_318' title='bbox 289 3089 431 3124; x_wconf 87' lang='lat' dir='ltr'>Diesen</span> <span class='ocrx_word' id='word_1_319' title='bbox 452 3091 613 3136; x_wconf 84' lang='lat' dir='ltr'>Dragan</span> <span class='ocrx_word' id='word_1_320' title='bbox 633 3093 704 3127; x_wconf 91' lang='lat' dir='ltr'>hat</span> <span class='ocrx_word' id='word_1_321' title='bbox 725 3094 794 3126; x_wconf 92' lang='lat' dir='ltr'>der</span> <span class='ocrx_word' id='word_1_322' title='bbox 814 3093 951 3138; x_wconf 90' lang='lat' dir='ltr'>Moyse</span> <span class='ocrx_word' id='word_1_323' title='bbox 971 3093 1128 3138; x_wconf 86' lang='lat' dir='ltr'>Wayda</span> <span class='ocrx_word' id='word_1_324' title='bbox 1148 3103 1195 3126; x_wconf 91' lang='lat' dir='ltr'>zu</span> <span class='ocrx_word' id='word_1_325' title='bbox 1215 3102 1366 3136; x_wconf 87' lang='lat' dir='ltr'>grosser</span> <span class='ocrx_word' id='word_1_326' title='bbox 1385 3090 1658 3135; x_wconf 85' lang='lat' dir='ltr'>Danksagung</span> <span class='ocrx_word' id='word_1_327' title='bbox 1677 3090 1803 3124; x_wconf 90' lang='lat' dir='ltr'>selber</span> <span class='ocrx_word' id='word_1_328' title='bbox 1823 3091 1974 3125; x_wconf 88' lang='lat' dir='ltr'>nieder-</span> 
     </span>
     <span class='ocr_line' id='line_1_39' title="bbox 289 3148 1972 3195; baseline 0.002 -14"><span class='ocrx_word' id='word_1_329' title='bbox 289 3148 478 3191; x_wconf 78' lang='lat' dir='ltr'>gehauen,</span> <span class='ocrx_word' id='word_1_330' title='bbox 511 3150 593 3183; x_wconf 89' lang='lat' dir='ltr'>und</span> <span class='ocrx_word' id='word_1_331' title='bbox 625 3150 708 3184; x_wconf 90' lang='lat' dir='ltr'>also</span> <span class='ocrx_word' id='word_1_332' title='bbox 738 3151 911 3195; x_wconf 81' lang='lat' dir='ltr'>Dragan,</span> <span class='ocrx_word' id='word_1_333' title='bbox 945 3152 1013 3185; x_wconf 91' lang='lat' dir='ltr'>der</span> <span class='ocrx_word' id='word_1_334' title='bbox 1043 3151 1177 3185; x_wconf 89' lang='lat' dir='ltr'>seinen</span> <span class='ocrx_word' id='word_1_335' title='bbox 1208 3150 1403 3184; x_wconf 76' lang='lat' dir='ltr'>frommen</span> <span class='ocrx_word' id='word_1_336' title='bbox 1435 3149 1565 3183; x_wconf 89' lang='lat' dir='ltr'>Herrn</span> <span class='ocrx_word' id='word_1_337' title='bbox 1595 3159 1667 3182; x_wconf 90' lang='lat' dir='ltr'>vor</span> <span class='ocrx_word' id='word_1_338' title='bbox 1698 3149 1972 3194; x_wconf 86' lang='lat' dir='ltr'>umgebracht‚</span> 
     </span>
     <span class='ocr_line' id='line_1_40' title="bbox 289 3205 1213 3243; baseline 0.003 -4"><span class='ocrx_word' id='word_1_339' title='bbox 289 3205 422 3240; x_wconf 87' lang='lat' dir='ltr'>seinen</span> <span class='ocrx_word' id='word_1_340' title='bbox 444 3208 555 3241; x_wconf 89' lang='lat' dir='ltr'>recht</span> <span class='ocrx_word' id='word_1_341' title='bbox 576 3208 807 3243; x_wconf 89' lang='lat' dir='ltr'>verdienten</span> <span class='ocrx_word' id='word_1_342' title='bbox 829 3209 942 3243; x_wconf 90' lang='lat' dir='ltr'>Lohn</span> <span class='ocrx_word' id='word_1_343' title='bbox 963 3209 1213 3243; x_wconf 89' lang='lat' dir='ltr'>bekommen.</span> 
     </span>
    </p>
   </div>
  </div>
 </body>
</html>
