2209 3643
181 228 241 263 27.
265 217 354 263 Jan.
385 211 494 265 1519]
953 217 1028 250 No.
1051 217 1098 262 87
1805 225 1874 259 115

179 352 286 390 ante
320 347 634 403 praepeditam
669 351 712 388 et
750 348 1066 402 perturbatam
1102 361 1152 388 ac
1188 346 1368 389 effectui
1406 345 1655 401 mancipari
1691 345 1875 387 minime

178 419 443 474 permissam
492 417 718 460 exstitisse
768 418 1158 473 comperieramus,
1210 418 1384 459 seriose.
1437 417 1612 472 Quibus
1661 416 1875 458 exhibitis

178 494 457 532 memoratus
484 488 674 544 Bogdan
701 489 899 531 vaivoda
926 503 1004 544 per
1031 489 1289 544 praefatum
1314 489 1572 543 Johannem
1601 488 1656 529 de
1683 488 1872 537 Bathos,

178 560 430 615 legitimum
458 564 794 616 procuratorem
817 560 926 602 dicti
956 560 1120 602 actoris
1149 560 1194 601 in
1223 573 1414 615 persona
1442 559 1642 601 eiusdem
1668 558 1875 614 congruis

148 631 337 673 5diebus
373 631 573 686 ipsarum
610 634 878 672 octavarum
915 645 1065 672 coram
1102 630 1232 672 nobis
1268 635 1550 685 expectatus,
1588 635 1792 672 nostram
1829 629 1874 670 in

178 702 481 757 praesentiam
511 716 601 744 non
631 707 832 751 venerat,
863 716 1008 756 neque
1038 701 1221 743 miserat
1251 715 1296 742 se
1326 700 1556 743 mediante
1585 701 1682 742 aliis
1712 700 1874 742 litteris

177 773 343 815 nostris
366 772 652 815 iudicialibus
674 772 837 815 exinde
860 773 1090 822 confectis,
1115 772 1160 814 in
1185 772 1374 821 iudiciis,
1402 786 1455 814 ex
1493 785 1635 826 eoque
1660 771 1704 813 in
1728 785 1874 827 poena

177 843 414 886 solutionis
431 843 564 885 unius
582 858 759 886 marcae
777 844 888 893 auri,
907 843 1199 898 septuaginta
1216 843 1329 885 duos
1345 843 1536 885 florenos
1555 842 1651 883 auri
1668 842 1876 884 facienda

178 914 384 957 convinci
407 919 452 956 et
474 914 710 969 aggravari
734 915 1050 970 permittentes
1070 914 1325 970 postularat
1354 913 1586 969 praefatus
1611 918 1877 968 procurator

125 1000 161 1026 10
178 986 269 1028 iam
288 986 371 1028 fati
391 985 556 1028 actoris
574 985 720 1027 eidem
738 999 817 1041 per
834 999 915 1027 nos
934 986 979 1027 in
997 985 1267 1040 praemissiS,
1288 984 1610 1026 discussionem
1629 988 1674 1025 et
1692 984 1874 1025 finalem

177 1057 549 1100 deliberationem
589 1056 822 1111 impertiri.
865 1058 925 1098 Et
965 1056 1072 1111 quia
1111 1070 1165 1097 ex
1204 1055 1315 1097 serie
1354 1055 1579 1097 dictarum
1619 1055 1874 1096 litterarum

176 1132 433 1170 vestrarum
459 1127 867 1183 rescriptionalium
891 1128 1122 1183 praefatus
1146 1126 1356 1168 dominus
1380 1126 1570 1180 Bogdan
1594 1125 1792 1167 vaivoda
1828 1126 1874 1167 in

178 1213 362 1241 causam
417 1203 642 1242 attractus
694 1199 1019 1254 praescriptam
1073 1197 1468 1252 possessionariam
1521 1197 1872 1246 restitutionem,

179 1269 309 1312 iuxta
345 1270 571 1312 dictarum
608 1269 862 1311 litterarum
899 1269 1231 1325 praenominati
1268 1268 1445 1310 comitis
1484 1267 1606 1309 Petri
1643 1267 1868 1309 adiudica

127 1355 162 1380 ιτ,
178 1340 398 1383 toriarum
429 1340 669 1397 superinde
700 1341 1008 1382 confectarum
1040 1339 1369 1382 continentiam
1400 1353 1479 1394 per
1508 1338 1796 1381 vaivodalem
1828 1343 1873 1380 et

178 1416 382 1453 vestrum
411 1412 615 1454 homines
643 1411 738 1452 fieri
766 1411 1008 1453 debentem
1036 1410 1188 1466 perfici
1216 1415 1261 1452 et
1290 1410 1451 1464 exequi
1483 1410 1629 1451 facere
1656 1423 1747 1451 non
1777 1423 1875 1464 per-

179 1481 365 1532 misisse,
393 1483 472 1525 sed
498 1482 678 1525 eosdem
704 1482 991 1524 vaivodalem
1018 1487 1063 1524 et
1090 1486 1294 1524 vestrum
1319 1481 1523 1523 homines
1549 1493 1628 1535 per
1653 1481 1873 1536 praeliba-

180 1558 279 1594 tum
324 1538 585 1595 Ladislaum
619 1553 843 1594 Porkolab
887 1553 1049 1595 exinde
1093 1551 1404 1609 potentialiter
1447 1550 1675 1607 repulisse,
1721 1551 1874 1606 sicque

179 1624 325 1679 primo
356 1623 590 1666 iudiciaria
620 1623 874 1665 commissio
904 1624 1098 1679 praefati
1128 1622 1299 1665 domini
1330 1622 1507 1665 comitis
1537 1623 1660 1664 Petri
1690 1622 1874 1664 minime

127 1709 164 1735 20
181 1694 240 1736 ad
267 1695 480 1738 effectum
508 1696 705 1738 deducta
732 1694 958 1737 exstitisse
985 1695 1293 1750 reperiebatur
1314 1707 1322 1743 ;
1365 1698 1409 1736 et
1437 1693 1495 1735 ob
1522 1693 1607 1734 hoc
1635 1693 1729 1748 ipse
1757 1693 1874 1748 Bog-

182 1765 273 1807 dan
291 1766 489 1809 vaivoda
508 1766 553 1808 in
573 1780 756 1808 causam
776 1769 1002 1808 attractus
1020 1779 1100 1821 pro
1119 1764 1378 1807 huiusmodi
1396 1764 1598 1806 violenta
1616 1763 1874 1806 temeraria-

182 1850 269 1891 que
307 1838 560 1893 repulsione
599 1837 644 1879 in
684 1841 920 1893 praetacta
958 1850 1049 1879 una
1087 1850 1240 1878 marca
1279 1835 1390 1885 auri,
1430 1835 1722 1890 septuaginta
1761 1835 1874 1877 duos

180 1907 373 1951 florenos
407 1909 504 1951 auri
538 1909 759 1958 facienda,
796 1908 841 1950 in
876 1908 1054 1950 duabus
1089 1907 1294 1963 praefato
1329 1906 1513 1949 domino
1547 1905 1702 1948 comiti
1738 1907 1874 1948 Petro

181 1983 420 2034 tamquam
447 1980 599 2030 iudici,
628 1979 674 2022 in
701 1979 838 2023 tertia
864 1993 970 2021 vero
997 1978 1204 2034 partibus
1231 1978 1482 2033 praelibato
1510 1977 1652 2019 actori
1679 1976 1874 2032 persolvi

130 2064 164 2089 25
182 2049 366 2092 debenti
394 2051 601 2093 convinci
629 2055 674 2093 et
703 2050 968 2106 aggravari;
998 2054 1043 2092 et
1072 2048 1362 2091 nihilominus
1390 2047 1636 2104 praemissa
1664 2047 1874 2089 annotati

182 2120 360 2164 comitis
387 2122 509 2164 Petri
535 2122 768 2164 iudiciaria
794 2120 1061 2169 commissio,
1090 2120 1219 2162 iuxta
1244 2123 1527 2174 praetactam
1553 2132 1683 2161 suam
1709 2118 1874 2174 prima-

182 2190 296 2234 riam
330 2193 701 2236 deliberationem
736 2198 874 2248 atque
909 2191 1268 2235 commissionem
1303 2190 1469 2232 iterata
1501 2189 1599 2231 vice
1632 2188 1794 2244 exequi
1828 2193 1873 2230 et

182 2262 364 2305 effectui
388 2264 693 2320 mancipanda
716 2264 810 2307 fore
834 2263 964 2306 nobis
989 2276 1040 2304 ac
1064 2261 1197 2304 huius
1220 2260 1344 2316 regni
1367 2260 1595 2302 nobilibus
1619 2260 1736 2302 sedis
1760 2259 1873 2302 scili-

183 2337 253 2375 cet
288 2339 470 2377 nostrae
493 2335 752 2377 iudiciariae
775 2334 933 2377 iuratis
956 2332 1306 2376 coassessoribus
1328 2330 1564 2372 nobiscum
1587 2330 1632 2372 in
1667 2330 1875 2372 examine

132 2418 167 2443 30
182 2403 442 2447 huiusmodi
459 2420 620 2448 causae
635 2405 983 2448 consedentibus
998 2403 1230 2459 perspicue
1246 2401 1589 2457 agnoscebatur,
1608 2401 1666 2443 ad
1681 2415 1874 2456 eamque

183 2475 464 2528 perficientes
499 2482 652 2519 noster
687 2481 733 2519 et
769 2481 919 2518 vester
954 2474 1157 2517 homines
1192 2472 1428 2515 necessarii
1464 2471 1716 2514 transmitti
1751 2472 1875 2513 vide-

182 2544 365 2596 bantur,
408 2561 489 2603 pro
518 2562 570 2590 eo
600 2547 861 2590 Amicitiam
904 2548 1112 2589 vVestram
1153 2542 1421 2586 litteratorie
1462 2543 1737 2598 petieramus
1778 2542 1875 2584 dili-

183 2622 353 2674 genter,
382 2623 608 2673 quatenus
635 2623 838 2662 vestrum
866 2616 1107 2659 mitteretis
1133 2615 1362 2657 hominem
1389 2627 1470 2669 pro
1497 2613 1760 2655 testimonio
1786 2614 1875 2655 fide

184 2689 386 2744 dignum,
431 2703 521 2744 quo
563 2693 799 2746 praesente
841 2689 977 2731 homo
1020 2691 1172 2729 noster
1214 2684 1629 2727 infradeclarandus
1673 2685 1728 2726 de
1770 2684 1875 2725 sede

132 2771 167 2796 35
184 2764 340 2803 nostra
357 2760 590 2803 iudiciaria
615 2775 695 2816 per
718 2774 799 2802 nos
817 2760 878 2802 ad
896 2759 941 2801 id
958 2758 1210 2813 specialiter
1226 2757 1530 2804 transmissus,
1549 2755 1874 2810 praescriptam

184 2831 324 2887 ipsius
372 2830 543 2873 domini
592 2831 770 2874 comitis
819 2830 941 2872 Petri
989 2827 1269 2872 iudiciariam
1319 2825 1694 2875 commissionem,
1744 2825 1874 2866 iuxta

184 2902 319 2945 'series
373 2901 700 2945 continentiam
754 2901 1088 2957 praedictarum
1143 2898 1343 2953 priorum
1390 2898 1647 2939 litterarum
1689 2909 1873 2938 suarum

186 2972 631 3023 adiudicatoriarum,
650 2987 702 3015 ac
718 2973 870 3015 omnia
885 2972 930 3013 in
946 2971 1115 3013 eisdem
1131 2973 1347 3010 contenta
1368 2981 1450 3010 suo
1466 2968 1602 3010 modo
1622 2967 1870 3022 perficeret,

186 3049 427 3100 ageretque
458 3049 503 3086 et
535 3049 846 3099 exequeretur,
880 3043 1086 3084 effective
1118 3039 1368 3082 variatione
1411 3040 1507 3081 sine
1539 3038 1661 3080 omni
1693 3041 1871 3079 contra-

135 3125 169 3149 40
187 3115 383 3159 dictione
428 3114 518 3156 iam
561 3115 647 3157 fati
679 3113 849 3157 domini
881 3113 1071 3168 Bogdan
1104 3111 1326 3154 vaivodae
1358 3114 1403 3151 et
1436 3110 1626 3151 aliorum
1659 3122 1874 3162 quorum-

187 3186 297 3229 libet
323 3185 507 3241 praevia
544 3186 719 3227 ratione
757 3199 847 3226 non
874 3185 1100 3232 obstante,
1139 3182 1326 3224 tandem
1364 3194 1472 3223 vero
1510 3180 1568 3222 ad
1606 3180 1741 3221 facies
1767 3178 1874 3221 iuris

1688 3267 1730 3303 3*
