2209 3643
0 3287 14 3643 2———-.——-—-.—-—i-

205 208 264 233 22.
288 197 382 232 Dec.
408 191 518 246 1540]
965 198 1041 233 No.
1064 200 1137 243 264
1826 207 1898 242 305

206 328 452 370 difficultas
477 332 522 370 et
550 341 675 369 mora
702 327 855 382 aliqua
882 328 1196 378 intercesserit,
1224 328 1299 370 illa
1325 342 1505 383 quoque
1531 327 1783 384 recuperari
1809 341 1900 369 non

206 399 453 455 potuerint,
492 402 624 453 optat
662 398 875 440 Maiestas
909 398 1000 440 Sua
1037 413 1224 449 moram,
1264 413 1379 454 quae
1417 400 1475 441 ad
1511 399 1899 455 recuperationem

207 483 349 525 usque
385 470 574 511 istorum
601 469 853 518 intercedit,
883 483 1027 524 aequo
1063 471 1215 512 animo
1252 471 1428 512 tolleret
1466 474 1510 512 et
1547 470 1655 512 boni
1691 470 1897 512 consulat

208 541 417 583 dominus
430 540 637 582 waivoda
660 544 704 582 et
721 540 816 581 eius
839 540 1091 591 consiliarii,
1118 541 1308 596 receptis
1331 541 1450 583 enim
1473 541 1542 582 his
1565 555 1644 596 per
1666 541 1897 583 hominem

174 624 190 650 5
207 625 339 654 suum
361 611 572 653 Maiestas
590 611 681 653 Sua
698 610 881 652 Sacram-'¹
903 611 1136 653 dominum
1169 612 1424 654 waivodam
1449 625 1643 667 suosque
1664 611 1898 654 boierones

207 682 445 725 conveniet
470 686 515 724 et
540 682 585 723 in
609 681 678 723 his
702 687 746 724 et
773 682 982 724 omnibus
1007 683 1200 737 gratiam
1222 683 1338 725 Suae
1363 676 1444 724 Mtis
1468 683 1732 738 intelligent.

352 753 502 808 Quum
540 757 694 794 autem
732 753 842 794 nulli
880 754 1241 808 praedecessores
1280 754 1418 809 ipsius
1456 754 1627 795 domini
1666 753 1900 795 waivodae

206 825 425 866 damnum
454 828 533 865 aut
564 823 889 865 detrimentum
919 825 1061 866 ullum
1090 825 1193 866 huic
1222 839 1358 879 regno
1388 825 1662 879 Hungariae,
1695 828 1774 866 aut
1806 824 1900 866 eius

205 895 426 951 partibus,
443 894 501 936 ad
515 894 853 949 instigationem
874 895 1211 937 coactionemve
1226 896 1365 937 ullam
1379 896 1627 938 Turcarum
1648 895 1899 945 intulerint,

151 978 189 1004 10
205 971 250 1008 et
292 966 337 1007 in
378 965 666 1021 obligatione,
705 980 795 1020 qua
836 966 1084 1008 Turcarum
1126 966 1387 1021 imperatori
1428 980 1522 1008 sese
1556 966 1900 1008 obstrinxerunt

205 1041 360 1092 aperte
386 1041 572 1078 cautum
598 1041 642 1078 et
669 1040 911 1092 exceptum
944 1037 1027 1078 hoc
1066 1037 1278 1079 Maiestas
1312 1037 1403 1079 Sua
1438 1037 1620 1079 Sacra'¹¹‘'¹
1658 1037 1896 1091 intelligat,

205 1109 416 1150 hortatur
451 1112 495 1149 et
532 1108 646 1157 vult,
685 1112 735 1149 ut
773 1112 817 1149 et
854 1108 948 1163 ipse
985 1108 1193 1149 dominus
1228 1108 1436 1150 waivoda
1472 1108 1631 1163 suique
1666 1108 1900 1149 boierones

206 1179 416 1234 deinceps
448 1178 532 1234 ipsi
564 1192 699 1233 regno
732 1179 992 1233 Hungariae
1020 1183 1099 1220 aut
1127 1179 1336 1234 partibus
1368 1179 1462 1221 eius
1492 1178 1823 1221 Transsilvanis
1855 1182 1900 1220 et

206 1250 303 1291 aliis
322 1250 380 1291 ad
395 1249 692 1303 quantumvis
711 1249 958 1291 instantem
977 1250 1257 1291 coactionem
1277 1250 1495 1291 damnum
1515 1250 1902 1291 detrimentumve

153 1332 188 1359 15
206 1335 262 1363 ne
294 1321 506 1370 inferant,
539 1325 619 1362 aut
652 1320 803 1362 inferri
836 1321 1102 1376 patiantur;
1136 1321 1228 1370 sed,
1263 1325 1314 1362 ut
1347 1335 1402 1362 ex
1435 1321 1583 1362 officio
1614 1334 1709 1370 suo,
1739 1320 1902 1362 Sacrae

208 1392 407 1434 Coronae
432 1396 477 1433 et
511 1384 577 1433 Mti
600 1391 716 1433 Suae
754 1392 904 1441 debet,
932 1392 1182 1446 capitaneis
1219 1392 1525 1446 waivodisque
1550 1391 1641 1433 suis
1665 1390 1900 1446 Tr[anssil-

207 1462 494 1517 vanensibus]
532 1476 611 1518 per
644 1467 853 1504 mutuam
889 1462 1237 1517 intelligentiam
1271 1462 1423 1504 omnia
1456 1463 1501 1504 in
1534 1462 1658 1517 regni
1691 1462 1824 1504 huius
1857 1466 1902 1503 et

208 1534 409 1589 partium
439 1533 523 1575 sibi
553 1533 859 1575 subiectarum
890 1534 1197 1575 defensionem
1227 1538 1332 1588 agat
1363 1538 1407 1575 et
1437 1533 1589 1583 faciat,
1621 1537 1665 1575 et
1695 1533 1754 1574 ad
1782 1533 1902 1574 idem

209 1604 331 1646 omni
358 1604 542 1646 consilio
569 1604 780 1646 inducere
807 1604 947 1659 ipsius
976 1604 1175 1646 vicinum
1201 1604 1454 1646 waivodam
1481 1604 1902 1659 Transalpinensem

153 1687 192 1713 20
209 1680 349 1725 curet,
371 1680 416 1717 et
437 1675 651 1717 Maiestas
668 1675 759 1716 Sua
780 1675 979 1716 vicissim
1000 1675 1121 1716 omni
1142 1689 1296 1716 eorum
1317 1675 1499 1716 tuitioni
1518 1675 1711 1729 gratiose
1731 1675 1902 1716 incum-

208 1747 300 1796 bet,
331 1759 470 1787 manu
499 1746 685 1787 Domini
714 1750 904 1801 potente
933 1746 1017 1787 sibi
1046 1745 1320 1796 auxiliante;
1351 1750 1435 1788 etc.

355 1855 604 1900 (Conceptus.
623 1854 910 1895 Staatsarchiv,
931 1854 1056 1888 Wien.
1077 1854 1319 1899 Hungarica.
1340 1854 1479 1889 Edidit
1494 1855 1665 1899 Szilagyi
1684 1865 1690 1889 z
1711 1855 1904 1901 Nadasdy

210 1915 289 1949 elso
320 1914 536 1959 kovetsege
565 1924 656 1960 pag.
690 1914 869 1958 47—48.)

274 3269 378 3296 Fontes
398 3270 504 3297 Rerum
526 3271 806 3305 Transylvanicnrum
828 3272 880 3299 IV.
1714 3276 1760 3300 20
