2209 3643
232 211 287 243 19.
310 201 411 236 Nov.
438 196 548 250 1527]
989 198 1063 232 No.
1089 209 1159 242 113
1851 205 1919 240 151

233 332 472 374 familiares
499 336 543 374 et
575 330 850 372 exhibitores
900 329 1207 385 praesentium
1260 328 1428 370 scilicet
1469 330 1661 376 nostros,
1699 325 1927 368 declarare

234 403 499 445 curavimus,
543 403 774 456 Rogamus
806 401 960 455 itaque
990 400 1144 441 Ser⁰¹²¹¹¹¹
1172 398 1274 441 'Mu'm
1317 399 1551 441 dominum
1596 402 1803 439 nostrum
1843 397 1925 438 cle-

234 474 575 522 mentissimum,
606 477 833 527 quatenus
862 471 959 526 ipsa
990 471 1130 526 Regia
1159 471 1373 512 Maiestas
1401 469 1656 525 praedictos
1684 468 1928 510 familiares

236 549 408 586 nostros
430 544 502 600 pie
525 549 568 586 et
593 544 836 585 clementer
858 542 1071 583 exaudire
1095 547 1139 584 et
1162 542 1427 583 relationem
1452 541 1497 582 in
1532 540 1693 595 [fidem]
1721 544 1928 581 nostrum

202 622 461 671 spraestare
491 615 715 669 dignetur,
748 627 891 668 quum
923 618 1076 654 autem
1110 613 1193 668 ipsi
1225 612 1492 654 diverterint
1525 611 1681 653 statim
1714 610 1930 666 speciales

237 691 432 728 oratores
463 691 642 727 nostros
673 685 731 726 ad
761 685 915 726 Scr¹¹¹²¹¹¹¹
951 683 1051 725 Mtem
1089 685 1336 726 mittemus.
1373 684 1568 725 Demum
1607 687 1761 723 autem
1807 682 1931 722 Deus

237 757 445 812 Optimus
491 756 718 798 Maximus
755 756 909 798 Sermm
942 754 1043 796 M“'¹¹¹
1087 755 1322 796 dominum
1376 759 1581 795 nostrum
1638 751 1929 795 clementissi—

236 842 362 869 mum
407 828 481 870 diu
538 828 584 869 in
630 827 916 877 desiderium,
962 840 1054 868 una
1100 840 1202 868 cum
1250 825 1449 867 fortunio
1502 828 1734 880 prosperet
1781 827 1826 865 et
1867 823 1928 864 fe-

236 899 389 941 licitet.

184 983 219 1009 10
381 971 551 1012 Datum
574 970 619 1011 in
644 970 753 1019 Yas,
778 968 875 1024 ipso
898 968 968 1010 die
991 968 1161 1010 Eeatae
1184 967 1420 1009 Elisabeth
1441 966 1620 1009 viduae.
1646 966 1778 1007 Anno
1803 976 1929 1019 1527.

374 1072 606 1112 Intitulatio
625 1085 637 1111 .·
665 1071 938 1110 Serenissimo
966 1070 1144 1122 principi
1173 1075 1213 1108 et
1244 1070 1428 1115 domino,
1460 1069 1631 1107 domino
1661 1067 1930 1107 Ferdinando

234 1132 313 1171 Dei
341 1131 475 1182 gratia
505 1132 589 1182 regi
620 1131 877 1182 Hungariae,
908 1130 1149 1175 Bohemiae,
1180 1129 1385 1174 Croatiae,
1417 1128 1631 1167 archiduci
1662 1127 1858 1166 Austriae
1888 1131 1929 1165 et

234 1191 389 1229 infanti
417 1191 729 1242 Hispaniarum.
759 1190 943 1229 Domino
968 1194 1114 1228 nostro
1140 1188 1479 1227 clementissimo.

858 1360 989 1402 Aliae
1023 1359 1198 1400 litterae.

184 1480 220 1505 15
384 1466 550 1508 Nostro
565 1466 880 1521 potentissimo
901 1470 945 1507 et
967 1463 1358 1506 Excellentissimo
1392 1463 1578 1505 domino
1609 1462 1720 1504 scire
1751 1462 1928 1511 damus,

236 1537 359 1592 quod
382 1537 524 1579 nostri
548 1537 711 1587 nuntii,
738 1550 851 1592 quos
876 1536 934 1578 ad
959 1537 1144 1577 Portam
1170 1534 1369 1577 Caesaris
1392 1535 1642 1576 Turcarum
1667 1533 1933 1575 miseramus

234 1609 416 1658 rediere,
447 1608 578 1650 nobis
607 1608 757 1650 varios
786 1620 1001 1656 rumores,
1033 1605 1331 1661 multiplicem
1362 1606 1533 1646 famam
1563 1609 1608 1646 et
1639 1604 1779 1646 verba
1809 1608 1932 1646 attu-

234 1680 396 1721 lerunt.
426 1679 508 1728 Ea,
538 1693 654 1733 quae
681 1692 763 1720 nos
790 1678 848 1720 ad
887 1677 1176 1720 commodum
1210 1677 1426 1718 honorem
1465 1669 1545 1717 Mtis
1572 1676 1661 1717 Vrae
1690 1680 1735 1717 et
1775 1675 1934 1717 Excel-

238 1749 474 1792 lentissimi
500 1750 715 1805 principis
743 1749 914 1791 domini
943 1748 1095 1790 fratris
1123 1747 1192 1789 sui
1221 1747 1434 1797 Caesaris,
1465 1746 1790 1802 Hispaniarum
1819 1746 1935 1801 regis

183 1834 219 1860 ευ
237 1821 461 1876 pertinere
508 1821 823 1869 intelleximus,
865 1820 1066 1862 celeriter
1113 1818 1316 1860 misimus
1370 1818 1429 1859 ad
1483 1817 1584 1858 Mtem
1634 1817 1734 1859 Vmm
1785 1817 1934 1859 celeri-

239 1896 398 1947 terque
429 1891 576 1933 eidem
608 1891 975 1947 significavimus.

383 1963 503 2005 Ante
528 1963 694 2013 omnia,
722 1962 845 2017 quod
870 1961 1003 2004 Turci
1028 1961 1239 2002 nituntur
1264 1960 1309 2001 in
1335 1963 1613 2014 potestatem
1640 1963 1686 2001 et
1712 1959 1933 2000 frameam

239 2047 393 2076 eorum
421 2038 570 2076 totam
599 2033 979 2076 christianitatem
1008 2032 1196 2073 diversis
1224 2031 1408 2080 insidiis,
1451 2029 1729 2084 diversisque
1769 2029 1935 2084 ingenii

238 2104 405 2146 fallacii
435 2110 533 2147 tam
565 2119 645 2160 per
679 2109 862 2153 terram,
902 2117 1040 2158 quam
1079 2116 1212 2157 super
1249 2115 1417 2156 aquam
1455 2101 1674 2155 subigere,
1715 2101 1773 2142 ad
1810 2100 1934 2155 quod

185 2190 222 2215 ‘25
239 2176 496 2218 faciendum
534 2177 658 2218 Deus
694 2176 815 2231 ipsos
851 2188 941 2216 non
979 2173 1180 2222 adiuvet,
1210 2186 1312 2214 cum
1346 2186 1501 2214 eorum
1539 2171 1729 2226 ingeniis
1763 2171 1936 2213 bellicis

239 2251 335 2288 tarn
368 2247 577 2297 navibus,
612 2261 751 2302 quam
785 2245 1047 2287 bombardis
1080 2244 1248 2298 ubique
1282 2242 1326 2284 in
1361 2248 1481 2284 terra
1514 2247 1559 2284 et
1594 2256 1728 2297 super
1766 2255 1935 2296 aquam

239 2318 390 2372 parati
416 2322 538 2360 sunt.

382 2389 484 2430 Alia
528 2402 710 2443 quoque
754 2386 1049 2442 significanda
1093 2379 1157 2426 Mti
1192 2385 1281 2426 V¹ae
1315 2384 1658 2440 potentissimae
1706 2383 1934 2433 duximus,

238 2459 470 2513 negotium
496 2459 775 2501 Venetorum
801 2472 882 2514 pro
909 2471 955 2499 re
987 2456 1235 2499 certissima
1262 2455 1475 2497 Maiestas
1501 2455 1574 2496 Vra
1601 2455 1781 2503 habeat,
1812 2454 1936 2508 quod

185 2543 221 2568 30
239 2530 451 2572 Maiestas
480 2531 554 2571 Vra
587 2530 905 2586 potentissimo
935 2542 983 2570 ac
1015 2527 1244 2569 carissimo
1273 2526 1402 2568 fratri
1438 2539 1520 2567 suo
1549 2525 1740 2575 Caesari,
1772 2525 1935 2580 Hispa-

238 2601 416 2643 niarum
457 2601 550 2656 regi
590 2601 787 2650 nuntiet,
831 2600 954 2655 quod
995 2597 1157 2640 Veneti
1199 2611 1303 2639 cum
1335 2596 1492 2638 Turcis
1518 2601 1731 2638 mutuum
1763 2595 1935 2637 habent

239 2671 473 2714 consilium
499 2676 544 2714 et
570 2676 780 2713 mutuam
806 2670 1164 2724 intelligentiam,
1193 2672 1238 2709 et
1265 2667 1321 2709 de
1345 2667 1555 2709 omnibus
1591 2666 1783 2722 negotiis
1820 2666 1934 2707 chri-

238 2743 491 2784 stianorum
537 2742 701 2784 Veneti
748 2743 917 2784 Turcos
953 2740 1164 2782 certiores
1202 2738 1413 2787 reddunt,
1464 2737 1696 2779 christiani
1743 2737 1935 2778 maiores

241 2813 506 2868 proditores,
549 2813 742 2854 maiores
782 2811 1031 2854 homicidas
1071 2809 1258 2851 Venetis
1298 2822 1525 2863 nusquam
1567 2809 1768 2857 habent;
1813 2807 1936 2861 quic-

186 2895 223 2921 35
241 2884 350 2938 quid
367 2883 536 2933 damni,
555 2883 855 2939 oppressionis
872 2888 917 2925 et
934 2881 1167 2923 molestiae
1183 2880 1404 2921 hactenus
1421 2879 1729 2920 christianitas
1747 2879 1935 2934 accepit,

241 2953 288 2995 id
309 2958 461 2996 toturn
483 2968 564 3009 per
583 2955 784 2996 Venetos
806 2953 984 2996 accidit.

386 3024 582 3074 Cladem‚
607 3038 745 3079 quam
774 3024 920 3066 insula
949 3022 1111 3070 Rhodi,
1139 3020 1433 3062 Nandoralba
1460 3024 1505 3061 et
1533 3033 1721 3074 regnum
1751 3020 1937 3074 Hunga-

242 3094 333 3136 riae
353 3108 379 3136 a
397 3095 553 3137 Tureis
573 3095 762 3150 accepit,
784 3094 968 3137 consilio
988 3097 1032 3134 et
1053 3106 1190 3147 opera
1208 3092 1487 3132 Venetorum
1508 3091 1678 3132 factam
1699 3103 1792 3132 esse
1813 3095 1936 3132 certo

242 3177 420 3206 scimus.
