2209 3643
219 179 280 214 24.
302 170 398 215 Jan.
426 164 536 219 1508]
995 169 1068 204 No.
1091 173 1139 212 69
1864 172 1913 216 87

213 305 262 342 et
287 300 456 342 dictam
485 313 658 343 sacram
689 313 900 342 coronam
922 304 1123 342 nostram
1156 300 1446 343 observantia
1476 305 1521 343 et
1554 300 1789 356 integritas
1820 315 1912 344 non

217 375 400 413 tantum
427 371 530 413 huic
554 385 704 426 regnO,
732 385 890 412 verum
916 371 1053 413 etiam
1080 371 1315 413 universae
1340 372 1612 427 reipublicae
1637 372 1911 414 christianae

218 443 450 497 hucusque
471 442 620 491 fuerit,
636 441 784 497 sitque
800 442 870 484 vel
886 442 1095 497 deinceps
1110 443 1278 492 futura,
1296 443 1354 485 ob
1375 443 1510 497 idque
1526 457 1616 485 non
1631 456 1724 485 esse
1739 457 1766 485 a
1780 443 1911 485 nobis

218 513 548 568 negligendum,
578 513 688 568 quin
716 513 999 555 liberalitatis
1021 519 1202 556 nostrae
1229 514 1541 556 munificentia
1573 515 1767 556 eundern
1787 529 1909 570 way-

181 597 201 623 5
218 585 395 626 wodam
421 589 640 633 nostrum,
667 598 758 639 quo
783 584 903 626 idern
924 584 1105 639 incepta
1126 585 1216 626 iam
1238 585 1411 640 pridem
1432 590 1476 627 et
1498 586 1732 640 hucusque
1757 586 1908 628 obser-

217 660 327 697 vata
358 655 403 697 in
433 669 515 697 nos
546 654 636 697 fide
667 660 711 697 et
744 655 985 698 devotione
1017 670 1068 697 eo
1100 655 1241 710 magis
1272 656 1490 698 solidetur
1520 660 1564 698 et
1597 656 1906 706 confirmetur,

215 727 409 781 gratiose
461 726 802 782 amplectamur,
856 726 1094 782 ipsumque
1145 727 1438 769 obnoxiorem
1503 727 1909 783 obligatioremque

214 797 317 839 huic
352 812 488 852 regno
522 802 677 839 nostro
711 802 755 839 et
790 797 884 839 eius
918 812 1069 840 sacrae
1105 812 1295 840 coronae
1329 798 1584 840 reddamus.
1623 799 1735 841 Cum
1771 798 1909 854 igitur

214 869 292 910 diu
320 869 606 924 multumque
634 869 869 910 nobiscum
896 873 1245 924 reputassemus,
1276 883 1501 924 quaenam
1529 874 1574 911 et
1604 869 1758 924 qualia
1784 870 1907 912 bona

157 950 195 977 ιο
214 940 259 981 in
287 940 369 981 hoc
409 954 545 994 regno
585 944 753 989 nostro,
794 940 866 982 vel
905 940 1112 995 partibus
1150 940 1235 982 sibi
1261 940 1488 989 subiectis,
1518 940 1603 982 sibi
1630 945 1675 982 et
1705 940 1907 982 dominio

211 1025 294 1052 suo
331 1010 548 1052 viciniora
582 1011 727 1053 eidem
774 1011 973 1053 conferre
1007 1025 1253 1066 possemuS,
1290 1011 1495 1053 coniecta
1529 1011 1718 1053 tandem
1752 1016 1907 1054 mente

211 1086 367 1123 nostra
393 1082 451 1123 ad
476 1082 734 1137 praefatum
761 1082 979 1137 oppidum
1006 1082 1201 1137 Aldyod,
1217 1082 1340 1137 quod
1354 1082 1439 1137 ipsi
1452 1082 1712 1138 waywodae
1732 1087 1904 1132 nostro,

210 1152 425 1208 utpotein
435 1153 640 1208 partibus
655 1153 778 1208 regni
792 1153 935 1195 nostri
954 1153 1260 1195 Transilvanis
1287 1153 1510 1202 habitum,
1521 1153 1712 1195 vicinius
1727 1153 1895 1202 existit,

210 1223 321 1265 illud
367 1238 563 1265 unacum
617 1224 837 1266 universis
889 1224 980 1265 suis
1033 1223 1317 1279 pertinentiis
1365 1238 1391 1266 a
1436 1224 1644 1279 praefato
1693 1224 1905 1278 Johanne

156 1306 192 1332 15
209 1295 443 1350 Tharczay
466 1294 760 1349 repetivimus
781 1308 789 1344 ;
816 1295 907 1350 qui,
936 1300 986 1336 ut
1014 1295 1160 1337 bonus
1182 1300 1227 1337 et
1254 1294 1399 1337 fidelis
1422 1295 1647 1344 subditus,
1674 1295 1905 1337 voluntati

210 1365 414 1421 inprimis
435 1371 629 1413 nostrae,
647 1366 807 1408 deinde
833 1366 972 1408 etiam
998 1366 1209 1421 petitioni
1235 1366 1521 1408 dominorum
1547 1366 1905 1408 consiliariorum

208 1441 467 1478 nostrorum
486 1471 493 1478 .
513 1471 520 1477 .
541 1471 548 1478 .
588 1436 868 1491 aliorumque
889 1437 1175 1479 dominorum
1196 1441 1305 1479 tunc
1329 1438 1452 1492 apud
1474 1451 1556 1479 nos
1592 1437 1904 1492 praesentium

212 1510 279 1563 (ut
306 1521 388 1562 par
414 1509 526 1561 erat)
557 1508 857 1562 acquiescens,
887 1508 1105 1563 oppidum
1132 1507 1279 1563 ipsum
1311 1522 1403 1550 una
1423 1522 1526 1550 cum
1546 1508 1790 1564 praedictis
1811 1508 1903 1550 suis

208 1578 492 1633 pertinentiis
521 1578 650 1620 nobis
686 1579 857 1620 remisit
895 1584 939 1620 et
977 1578 1175 1620 restituit
1213 1593 1292 1634 per
1328 1593 1408 1621 nos
1457 1579 1645 1621 tandem
1694 1579 1904 1634 praefato

149 1661 189 1687 20
207 1650 468 1705 waywodae
512 1655 682 1698 nostro,
733 1655 784 1691 ut
836 1650 1101 1705 praefertur,
1153 1650 1475 1692 conferendum
1520 1654 1564 1693 et
1610 1650 1899 1693 tradendum.

207 1721 495 1776 Quapropter
514 1734 595 1762 nos
618 1755 624 1762 .
649 1755 657 1762 .
682 1755 689 1762 .
710 1721 911 1775 Johanni
944 1721 1177 1776 Tharczay
1209 1721 1367 1776 suique
1400 1721 1640 1763 heredibus
1673 1726 1717 1763 et
1751 1726 1904 1776 poste-

204 1791 418 1833 ritatibus
450 1791 669 1833 universis
699 1826 706 1833 .
731 1826 738 1833 .
763 1826 771 1833 .
793 1797 991 1833 castrum
1033 1797 1239 1833 nostrum
1269 1792 1419 1834 Olnod
1439 1796 1669 1844 vocatum,
1699 1792 1744 1834 in
1766 1792 1896 1834 comi-

204 1867 309 1904 tatu
355 1862 642 1905 Borsodiensi
675 1862 913 1904 habitum.
938 1897 946 1904 .
971 1897 978 1904 .
1015 1863 1337 1905 conferendum
1367 1863 1593 1904 duximus.

322 1934 497 1975 Datum
529 1934 687 1976 Budae
708 1934 754 1975 in
782 1934 897 1975 festo
919 1933 1278 1989 Epiphaniarum
1309 1934 1504 1976 Domini.
1533 1934 1665 1976 Anno
1698 1934 1899 1976 eiusdem

147 2016 188 2042 25
205 2004 442 2047 Millesimo
472 2005 833 2060 quingentesimo
860 2010 1036 2046 octavo.
1074 2006 1332 2059 Regnorum
1358 2010 1616 2046 nostrorum
1637 2005 1899 2060 Hungariae

204 2080 288 2117 etc.
332 2090 451 2118 anno
491 2076 664 2118 decimo
697 2080 876 2125 octavo,
907 2076 1150 2117 Bohemiae
1190 2090 1296 2117 vero
1338 2075 1563 2118 tricesimo
1602 2080 1779 2118 octavo.

350 2146 622 2189 Wladislaus
658 2147 756 2188 Rex
787 2161 924 2188 manu
954 2146 1135 2201 propria
1163 2146 1356 2202 scripsit.

351 2253 577 2298 (Originale‚
599 2264 968 2299 pergamenaceum.
991 2253 1185 2297 Orszagos
1206 2252 1402 2293 Leveltar,
1427 2253 1646 2298 Budapest.
1669 2253 1732 2287 Dl.
1757 2253 1895 2297 21803.

205 2312 370 2347 Edidit:
399 2312 592 2358 Georgius
618 2313 748 2358 Pray:
777 2312 1062 2347 Commentarii
1086 2311 1262 2346 historici
1286 2322 1374 2357 pag.
1406 2314 1633 2357 193—196.)

149 2502 184 2528 30
1002 2488 1071 2530 69.

608 2598 859 2647 Kolozsvcir,
894 2610 961 2651 24.
995 2597 1212 2651 januam·
1244 2598 1370 2650 1508.

201 2693 350 2732 Comes
383 2694 534 2732 Petrus
563 2694 869 2745 Szentgyorgyi
901 2693 1085 2732 vaivoda
1118 2693 1432 2744 Transylvanus
1477 2693 1664 2744 capitulo
1697 2693 1895 2733 ecclesiae

776 2753 969 2792 Albensis
993 2752 1321 2803 Transylvanae.

345 2858 615 2901 Mandatum
652 2858 946 2900 restatutionis
985 2862 1022 2899 et
1059 2857 1414 2900 reambulatz‘onz's
1451 2857 1582 2900 castri
1619 2857 1896 2900 Kukulldvdr

146 2938 182 2964 35
201 2932 279 2983 pro
314 2933 435 2983 parte
469 2929 670 2971 dominae
705 2929 962 2971 Catlzerinae
996 2928 1203 2970 consortis
1225 2928 1348 2970 ducis
1368 2928 1598 2970 Laurentii
1630 2928 1783 2982 Ujlaki
1817 2933 1895 2984 per

204 2999 384 3053 Bogdcm
400 3000 626 3041 vaivodam
642 3001 699 3041 M
702 3000 895 3042 oldaviae
912 2998 1095 3039 indebite
1118 3002 1154 3039 et
1178 2998 1467 3053 potentialiter
1491 2998 1656 3047 retenti,
1672 3012 1770 3040 cum
1784 2999 1893 3040 serie

201 3068 432 3110 sententiae
474 3070 677 3126 capitalis
717 3070 822 3112 dicti
854 3069 1071 3120 vaivodae,
1101 3083 1188 3112 non
1228 3069 1497 3113 venientibus
1534 3069 1590 3111 ad
1625 3069 1740 3112 diem
1775 3069 1894 3113 iudi-

199 3139 364 3181 ciariae
391 3140 529 3182 dictae
558 3155 726 3183 causae.
820 3149 823 3151 ’
