2209 3643
191 196 252 229 30.
283 185 394 230 Junii
428 177 539 236 1475]
970 182 1045 217 No.
1072 193 1115 217 12
1845 192 1888 225 13

193 315 398 371 arripuit,
446 313 844 369 Transalpinenses
900 317 1058 355 contra
1112 310 1213 354 ΜΜΠ
1249 313 1350 354 Vram
1386 316 1430 354 et
1468 312 1616 368 ipsum
1645 312 1891 354 vaivodam

193 387 442 441 insurgent,
494 385 601 440 quia
652 388 836 440 paratos
887 384 977 425 iam
1029 397 1074 425 se
1125 388 1283 426 contra
1335 383 1438 425 Mtem
1478 384 1578 426 V¹³¹¹¹¹
1623 384 1889 426 retulerunt.

192 458 367 500 Turcus
409 457 503 512 ipse
545 470 647 498 cum
689 455 892 497 maxima
931 455 1140 510 potentia
1180 455 1477 510 personaliter
1517 469 1596 510 per
1636 459 1803 496 terram
1845 459 1890 496 et

194 529 304 570 alias
343 533 499 583 gentes
538 541 642 569 suas
681 540 760 581 per
799 540 942 581 aquas
969 525 1140 568 misisse
1168 527 1324 568 fertur.
1355 527 1480 568 Haec
1508 519 1574 567 Mti
1602 527 1691 567 Vrae
1718 527 1893 582 scripsi—

162 613 309 648 5muS,
342 603 394 641 ut
428 599 649 654 intelligat
682 598 895 639 Maiestas
927 597 997 638 Vs³¹
1030 597 1260 639 novitates
1292 598 1453 639 harum
1485 596 1698 652 partium.

342 670 611 725 Recepimus
646 668 977 710 nudiustertius
1012 668 1200 718 litteras,
1238 682 1351 722 quas
1386 668 1599 710 Maiestas
1646 669 1717 709 Vm
1765 669 1894 710 mise-

194 745 267 783 rat
293 741 351 783 ad
376 755 461 790 me,
489 740 779 782 Dominicum
803 739 1128 795 praepositum,
1155 740 1200 781 in
1226 739 1349 781 facto
1374 739 1645 781 inmissionis
1669 740 1894 781 vaivodae

195 812 446 861 Draculia,4
465 825 579 867 quas
599 816 703 867 post
725 825 879 852 earum
908 810 1146 852 lectionem
1175 810 1507 852 communicavi
1535 823 1638 851 cum
1665 810 1894 852 boiaroni-

194 883 295 933 bus
319 884 397 938 qui
417 887 521 938 post
544 887 755 938 acceptas
775 882 857 923 has
878 882 1123 930 novitates,
1146 881 1303 923 dicunt
1325 881 1569 929 laudando,
1593 881 1716 936 quod
1737 882 1894 923 Maies-

142 967 178 993 10
196 959 268 996 tas
301 955 374 995 Vra
408 954 627 996 creaverit
662 967 765 995 eum
800 953 845 994 in
879 953 1139 1002 vaivodam,
1175 952 1497 1008 supplicantes
1533 953 1656 1007 quod
1682 952 1896 994 Maiestas

195 1026 268 1067 Vra
296 1026 507 1080 dignetur
535 1039 637 1067 eum
667 1024 893 1066 celerrime
932 1024 1114 1066 mittere
1155 1038 1257 1065 cum
1284 1023 1506 1078 potentia,
1537 1023 1644 1078 quia
1682 1024 1772 1064 iam
1798 1023 1896 1065 Ste-

195 1097 374 1152 phanus
408 1096 606 1138 vaivoda
641 1109 744 1137 cum
765 1095 1096 1150 omnipotentia
1120 1108 1202 1137 sua
1224 1095 1269 1136 in
1290 1095 1581 1149 Jassamarck
1614 1095 1712 1144 hoc,
1747 1095 1896 1136 torum

196 1167 530 1215 Filistenorum,
549 1171 748 1208 castrum
763 1171 903 1216 tenet,
920 1171 1055 1221 prout
1082 1166 1296 1208 Maiestas
1310 1166 1381 1207 Vra
1396 1165 1651 1208 intuebitur
1665 1179 1720 1207 ex
1734 1165 1897 1207 litteris

197 1238 338 1294 ipsius
381 1238 602 1293 Stephani
648 1238 872 1280 vaivodae
919 1237 1234 1292 praesentibus
1279 1236 1473 1278 inclusis.
1524 1237 1659 1278 Hunc
1705 1236 1896 1278 latorem

146 1322 182 1348 15
197 1309 505 1365 praesentium
541 1309 850 1364 supplicamus
885 1308 1098 1350 citissime
1132 1308 1339 1349 remittat
1375 1307 1433 1348 ad
1467 1321 1563 1356 nos,
1598 1311 1651 1349 ut
1686 1307 1895 1356 sciamus,

199 1381 311 1435 quid
348 1379 394 1421 in
433 1379 502 1421 his
540 1380 675 1421 rebus
712 1379 1066 1434 respondeamus
1104 1379 1188 1434 ipsi
1224 1378 1458 1434 Stephano
1495 1378 1732 1420 vaivodae.
1774 1379 1898 1420 Deus

763 1451 817 1469 '1111

347 1521 535 1577 Raptim
568 1535 622 1563 ex
655 1521 872 1570 Bestriza,
907 1521 978 1563 die
1010 1521 1258 1563 Domenico
1289 1525 1392 1576 post
1425 1521 1593 1562 festum
1625 1520 1898 1562 Nativitatis

200 1592 333 1635 Beati
359 1592 552 1647 Joannis
581 1592 833 1647 Baptistae.
870 1592 935 1647 [A.
968 1593 1023 1634 D.
1059 1592 1197 1646 1475}

145 1691 181 1717 20
1093 1674 1331 1716 Perfideles
1368 1673 1671 1716 Sublimitatis
1711 1675 1900 1715 Vestrae

1158 1745 1422 1786 Dominicus
1452 1745 1742 1799 Praepositus
1783 1749 1828 1786 et

1165 1816 1395 1871 Gasparus
1438 1816 1494 1857 de
1536 1816 1828 1871 Nagyvatha.

348 1900 574 1945 (Originale.
609 1899 799 1934 Archivio
831 1899 871 1934 di
902 1900 1030 1939 Stato,
1065 1898 1249 1932 Venezia.
1279 1898 1444 1933 Edidit:
1480 1899 1587 1933 Mon.
1622 1899 1756 1942 Hung.
1791 1898 1899 1932 Hist.

202 1961 306 1995 Acta
320 1962 458 1995 extera
471 1959 550 1994 vol.
568 1960 636 1993 IV.
664 1969 754 2006 pag.
778 1961 992 2003 306—307.
1022 1961 1062 1992 et
1092 1958 1259 2003 Bogdan
1280 1957 1303 1992 l.
1331 1968 1364 1992 c.
1387 1957 1466 1993 vol.
1490 1957 1543 1992 II.
1561 1968 1650 2003 pag.
1668 1957 1902 2002 327—329).

151 2118 188 2144 25
1027 2087 1096 2127 12.

766 2185 910 2234 Buda,
943 2196 1013 2236 3ο.
1047 2183 1184 2237 szii
1215 2194 1342 2237 1475.

201 2276 475 2316 Sebastianus
503 2276 668 2315 Badoer
696 2279 838 2314 orator
865 2275 1053 2313 Venetus
1096 2274 1222 2312 Petro
1250 2273 1466 2324 Mocenigo
1493 2272 1590 2312 duci
1630 2274 1901 2313 Venetorum.

349 2364 416 2404 De
446 2363 615 2405 duabus
646 2363 799 2405 litteris
821 2362 948 2417 prius
980 2360 1141 2402 missis.
1175 2360 1370 2402 Vaivoda
1401 2360 1654 2401 Moldaviae
1685 2361 1906 2402 auxilium

204 2434 312 2491 petit
341 2435 398 2476 ad
425 2434 600 2489 Caffam
629 2433 986 2489 reoccupandam.

156 2543 191 2570 30
350 2522 639 2565 Serenissime
682 2522 896 2577 Princeps
939 2525 983 2563 et
1027 2519 1221 2562 Domine
1264 2518 1665 2561 Excellentissime.
1712 2520 1906 2561 Domine

209 2592 321 2635 mihi
354 2593 677 2635 colendissime.

351 2664 530 2720 Scripta
556 2664 601 2706 la
627 2664 813 2719 alligata
835 2677 915 2718 per
936 2662 979 2704 la
999 2662 1172 2703 Maesta
1196 2660 1268 2702 del
1290 2661 1371 2709 Re,
1394 2660 1457 2702 mi
1484 2661 1507 2702 e
1535 2664 1658 2702 stato
1686 2661 1905 2702 mandato

210 2734 269 2776 ad
292 2735 386 2777 dire
409 2735 454 2777 in
478 2740 642 2789 questa
663 2736 788 2784 hora,
812 2735 952 2775 haver
974 2733 1149 2774 havuto
1171 2731 1334 2773 lettera
1358 2731 1432 2772 dal
1454 2731 1652 2773 vaivoda
1672 2731 1907 2786 Stephano

212 2805 267 2847 de
282 2805 515 2848 Moldavia
530 2810 575 2849 et
591 2806 667 2848 dal
681 2805 915 2861 proposito
931 2804 986 2845 de
1000 2802 1117 2844 Alba
1125 2802 1258 2857 regal,
1271 2801 1565 2844 ambassador
1580 2815 1661 2844 suo
1678 2816 1704 2844 a
1720 2802 1907 2857 quello,1

158 2909 194 2936 35
213 2890 338 2918 come
366 2890 446 2932 per
473 2877 513 2919 le
541 2877 700 2919 ultime
729 2876 817 2918 mie
845 2874 1010 2929 scripse
1030 2873 1237 2915 aVostra
1262 2872 1518 2922 Sublimita‚
1549 2873 1630 2914 che
1658 2872 1908 2915 havendosi

357 2982 371 3002 ‘²
390 2982 493 3017 Vlad
514 2983 642 3030 'sepes
676 2983 754 3017 ΙΙΙ.
783 2981 959 3016 secunda
986 2980 1084 3013 vice.

355 3041 370 3062 ⁵
393 3041 505 3076 Aliae
518 3041 678 3076 litterae
690 3040 909 3087 praepositi
932 3037 1132 3073 Dominici
1156 3038 1205 3072 de
1228 3037 1436 3072 obsidione
1460 3040 1500 3072 et
1524 3040 1646 3084 captu
1671 3038 1771 3073 arcis
1795 3039 1909 3074 Caffa

213 3110 320 3134 anno
355 3110 449 3145 1475
477 3104 668 3135 exaratae
690 3100 784 3134 vide
808 3096 1083 3133 Hurmuzaki:
1115 3097 1367 3131 Documente
1390 3096 1468 3131 vol.
1496 3090 1540 3137 2!
1545 3107 1576 3131 1.
1602 3107 1692 3143 pag.
1724 3107 1781 3132 12.

359 3159 373 3180 1
396 3158 498 3193 Vide
521 3159 595 3194 sub
618 3159 693 3193 No.
719 3169 741 3201 9
767 3161 808 3193 et
834 3168 890 3192 11.
