2209 3643
151 638 200 667 23.
225 631 299 661 Dec.

150 916 198 945 23.
221 908 292 947 Julii

326 211 397 254 278
1081 208 1155 242 No.
1181 216 1248 250 231
1780 205 1888 260 [Dec.
1917 222 2013 257 1537

468 339 698 380 Praesenti
733 350 852 379 anno
889 348 1001 390 1537
1036 340 1297 391 praetactus
1331 336 1528 380 Thomas
1559 337 1741 380 Szewch
1774 339 2013 384 voluntate

323 410 489 452 civium
516 414 560 451 et
587 409 716 463 regis,
744 422 795 450 ac
822 407 1055 449 waivodae
1069 408 1474 464 Transylvanensis
1500 422 1653 451 rursus
1679 410 1847 454 electus
1872 417 1940 455 est
1966 412 2012 456 in

322 481 528 523 iudicem.
559 480 702 536 quue
728 479 876 520 visum
903 482 970 520 est
998 478 1208 520 omnibus
1233 480 1533 522 necessarium
1559 480 1667 530 fore,
1695 487 1880 537 propter
1905 484 2012 526 civi-

321 552 430 594 tatis
457 549 860 593 conservationem.
892 551 1055 606 Itaque
1081 550 1249 592 habitis
1276 551 1512 594 Bistriciae
1539 552 1733 594 comitiis
1759 554 1818 595 ad
1844 555 2011 597 festum

326 623 502 665 Natalis
538 621 734 670 Domini,
765 621 963 677 perrexit
998 623 1209 664 dominus
1252 623 1461 666 waivoda
1503 623 1908 679 Transylvanensis
1952 626 2011 668 ad
2050 636 2066 661 5

321 707 468 735 arcem
500 706 629 734 suam
662 692 893 749 Gewrgen,
926 692 1004 734 ubi
1035 707 1232 736 sororem
1264 707 1394 736 suam
1426 694 1682 737 elocaturus
1725 700 2011 752 nuptamque

320 765 509 806 daturus
542 768 638 805 erat
673 763 757 818 ipsi
791 764 981 819 Egregio
1015 765 1225 806 Ladislao
1258 765 1426 822 Banffy
1458 765 1675 820 magistro
1709 767 1857 809 curiae
1888 782 2009 810 suae.

320 836 406 877 Hic
434 836 523 876 iam
551 848 704 876 rursus
731 836 928 889 proditio
955 836 1069 877 strui
1098 835 1245 891 coepit
1267 837 1325 878 ab
1345 837 1482 885 intus,
1505 851 1621 892 quae
1648 851 1791 893 nuper
1810 839 1921 880 feria
1947 853 2012 881 se-

321 906 468 948 cunda
504 911 610 948 ante
647 906 814 948 festum
850 906 983 948 Beati
1016 907 1178 961 Jacobi
1213 908 1408 962 apostoli
1444 912 1511 950 est
1548 914 1815 964 propagata.
1838 910 2012 952 Eodem

320 977 438 1018 enim
470 976 541 1018 die
572 978 788 1032 Egregius
819 977 1076 1020 Demetrius
1107 978 1298 1034 Gerdey,
1331 979 1602 1022 castellanus
1632 981 1767 1022 castri
1797 980 2063 1037 Gewrgen10

320 1048 441 1089 misit
475 1048 741 1090 familiarem
774 1062 921 1097 suum,
955 1050 1136 1092 nomine
1170 1050 1430 1093 Ladislaum
1463 1050 1518 1092 de
1550 1051 1763 1107 Thelegd,
1797 1065 1913 1106 quae
1945 1057 2012 1094 est

320 1119 436 1160 infra
456 1132 605 1161 arcem
626 1119 856 1174 Gewrgen,
880 1124 930 1162 ut
952 1119 1088 1162 iudici
1109 1121 1318 1176 aperiret,
1341 1135 1565 1177 quaenam
1586 1137 1730 1178 nuper
1750 1122 1946 1165 existens
1967 1124 2013 1166 in

321 1190 549 1232 Moldavia
572 1205 598 1232 a
621 1191 820 1245 quodam
844 1192 996 1233 boiero
1019 1192 1194 1234 faventi
1222 1192 1400 1235 civitati
1435 1192 1712 1236 Bistriciensi
1748 1193 2010 1238 audivisset.

320 1261 406 1315 Qui
437 1261 672 1304 Ladislaus
701 1263 874 1311 eodem,
906 1276 997 1318 quo
1026 1276 1163 1319 supra
1193 1263 1264 1305 die
1293 1278 1385 1306 non
1415 1264 1619 1314 adactus,
1651 1265 1729 1307 sed
1758 1269 1921 1320 sponte
1950 1267 2013 1308 sic

320 1332 464 1374 fassus
501 1337 598 1375 est:
639 1334 776 1388 quod,
810 1333 918 1376 dum
946 1347 1090 1389 nuper
1126 1335 1171 1376 in
1208 1335 1438 1377 Moldavia
1475 1340 1605 1384 esset,
1645 1336 1892 1392 aperuisset
1929 1337 2013 1379 sibi
2031 1343 2064 1369 1⁵

320 1404 505 1457 quidam
527 1405 672 1447 bonus
696 1405 881 1454 amicus,
910 1405 1033 1460 quod
1054 1411 1355 1461 posteaquam
1376 1421 1403 1448 a
1422 1406 1616 1448 comitiis
1644 1406 2013 1450 Bistriciensibus

320 1474 529 1517 dominus
570 1476 778 1518 waivoda
818 1477 1222 1532 Transylvanensis
1265 1478 1531 1532 perrexisset
1575 1477 1633 1519 ad
1674 1469 1890 1533 Gewrgen
1932 1493 2013 1534 pro

321 1546 598 1588 celebrandis
613 1547 786 1602 nuptiis
807 1561 859 1589 ac
874 1562 987 1603 pene
1008 1553 1156 1590 totam
1173 1549 1551 1604 Transylvaniam
1568 1549 1691 1590 fama
1705 1555 2011 1605 pervagasset,

319 1617 514 1670 qualiter
552 1618 872 1660 Moldaviensis
910 1619 1201 1674 impetiturus
1239 1625 1355 1662 esset
1393 1620 1772 1674 Transylvaniam
1821 1634 2013 1676 eamque

320 1689 377 1730 ob
401 1689 572 1730 famam
595 1690 806 1732 dominus
828 1690 1036 1733 waivoda
1059 1691 1463 1746 Transylvanensis
1486 1691 1624 1733 etiam
1648 1696 1832 1733 coactus
1855 1691 2012 1734 fuisset
2027 1697 2062 1723 2⁰

319 1772 342 1800 e
383 1759 682 1803 celebratione
724 1762 988 1816 nuptiarum
1029 1768 1185 1818 gentes
1225 1776 1330 1806 suas
1370 1762 1429 1804 ad
1470 1762 1663 1804 finitima
1703 1762 2010 1813 subordinare‚

319 1835 428 1873 tunc
457 1831 618 1874 Petrus
648 1834 833 1887 Regeny
861 1833 996 1875 iudex
1023 1834 1183 1890 prioris
1212 1835 1318 1876 anni
1346 1834 1462 1875 illico
1490 1834 1744 1875 nuntiasset
1773 1848 1796 1876 e
1825 1833 2012 1876 civitate

320 1901 597 1944 Bistriciensi
618 1904 702 1959 ipsi
723 1903 908 1946 domino
929 1905 1226 1948 Moldaviensi
1247 1920 1298 1948 ac
1320 1909 1457 1960 caput
1479 1919 1611 1946 suum
1633 1904 1704 1946 ille
1738 1904 2011 1954 devovisset,

320 1976 370 2013 ut
401 1973 436 2014 si
467 1973 512 2014 in
542 1988 594 2016 eo
624 1980 827 2030 tempore
859 1976 1043 2018 celerius
1072 1977 1190 2019 infra
1219 1977 1453 2019 civitatem
1485 1975 1820 2017 Bistriciensem
1850 1976 2012 2018 saltem

318 2044 628 2098 septingentos
653 2046 863 2088 loricatos
888 2047 1105 2097 mitteret,
1132 2048 1226 2103 ipse
1250 2048 1386 2090 libere
1411 2047 1646 2089 civitatem
1671 2045 1756 2087 sibi
1780 2047 1826 2087 in
1850 2051 2065 2089 manus‘25

320 2113 425 2155 dare
450 2117 585 2158 vellet
622 2121 667 2159 et
693 2131 861 2166 omnes,
888 2118 965 2172 qui
989 2118 1162 2173 aliquid
1191 2119 1275 2160 sibi
1300 2119 1355 2161 de
1378 2132 1469 2160 non
1494 2117 1801 2172 recuperanda
1825 2118 2012 2160 civitate

318 2185 616 2237 obstitissent,
652 2188 858 2243 captivos
891 2203 1034 2243 usque
1067 2190 1112 2231 in
1146 2189 1423 2232 Moldaviam
1456 2189 1576 2230 dare.
1613 2188 1838 2242 Quoniam
1871 2204 1927 2231 ex
1960 2202 2013 2230 ea

319 2257 564 2307 occasione,
584 2259 707 2313 quod
723 2260 931 2302 waivoda
946 2260 1351 2316 Transylvanensis
1369 2260 1413 2301 in
1431 2259 1731 2301 celebratione
1747 2260 2012 2314 nuptiarum

318 2331 386 2368 est
411 2331 455 2368 et
481 2334 665 2384 propter
689 2330 858 2372 famam
883 2336 1038 2386 gentes
1063 2345 1243 2386 quoque
1267 2345 1370 2373 suas
1395 2331 1453 2372 ad
1477 2330 1671 2372 finitima
1696 2330 2011 2373 subordinavit

318 2397 375 2439 de
408 2398 528 2439 facili
560 2400 653 2441 fieri
687 2406 851 2455 posset.
890 2403 1052 2457 Itaque
1084 2428 1143 2431 —
1174 2402 1322 2458 inquit
1356 2402 1519 2451 fatens,
1553 2426 1611 2430 —
1643 2405 1830 2457 paratus
1863 2402 2010 2444 fuerat
2025 2404 2063 2429 30

320 2468 639 2512 Moldaviensis
669 2472 840 2526 aliquid
870 2477 1112 2522 attentare,
1144 2473 1228 2515 nisi
1258 2487 1407 2515 rerum
1436 2477 1627 2514 eventus
1670 2471 1904 2514 consilium
1946 2472 2011 2513 di-

322 2540 585 2582 sturbasset.
608 2541 695 2583 Sed
710 2547 865 2585 tamen
880 2543 974 2598 ipse
989 2544 1309 2586 Moldaviensis
1332 2543 1551 2599 aperrime
1574 2556 1709 2598 super
1733 2543 1815 2584 tali
1849 2542 2010 2585 nuntio

321 2610 518 2662 gavisus,
534 2611 658 2666 prius
679 2626 859 2668 quoque
882 2628 973 2656 non
996 2615 1133 2656 semel
1147 2614 1202 2656 de
1217 2628 1352 2670 super
1376 2614 1711 2656 communicato
1735 2614 1932 2662 consilio,
1958 2617 2009 2654 ut

320 2679 529 2735 deinceps
568 2682 613 2723 in
652 2688 883 2737 posterum
906 2685 951 2726 in
988 2685 1033 2727 id
1066 2686 1213 2740 ipsum
1254 2685 1522 2739 invigilaret,
1558 2698 1609 2725 ac
1643 2697 1824 2739 operam
1864 2684 2007 2733 daret,

321 2751 596 2804 promisisset
635 2754 770 2795 Petro
811 2756 996 2810 Regeny
1034 2760 1078 2797 et
1119 2755 1297 2797 cuidam
1337 2755 1488 2797 Blasio
1527 2755 1764 2797 monoculo
1803 2754 2007 2810 complici
2025 2757 2063 2783 35

321 2834 402 2862 suo
435 2822 547 2863 duas
580 2822 709 2864 villas
743 2830 787 2866 et
821 2840 1046 2867 cameram
1079 2827 1241 2868 salium
1275 2827 1320 2867 in
1354 2826 1657 2880 Fejeregyhaz
1688 2824 1894 2866 habitam
1927 2838 2009 2880 pro

322 2890 427 2944 ipsis
481 2894 760 2948 posterisque
797 2896 887 2937 suis
925 2901 1143 2951 perpetuo
1181 2897 1412 2938 habendas
1450 2900 1494 2937 et
1531 2895 1838 2950 possidendas
1879 2897 2007 2937 Post-

322 2974 458 3014 quam
484 2963 618 3004 homo
645 2964 715 3005 ille
741 2965 785 3006 in
812 2967 1040 3008 Moldavia
1066 2967 1176 3008 talia
1201 2967 1410 3008 Ladislao
1436 2971 1669 3021 praetacto
1695 2966 1935 3015 retulisset,
1962 2980 2008 3008 se

322 3032 517 3073 multum
546 3033 757 3076 admirari
785 3036 979 3086 dicebat,
1010 3051 1148 3092 quare
1176 3037 1384 3079 dominus
1411 3037 1618 3078 waivoda
1644 3036 2006 3092 Transylvanen-

322 3112 390 3141 ses
414 3102 525 3142 tales
549 3104 799 3156 proditores
823 3107 868 3148 in
891 3121 1028 3162 regno
1052 3112 1297 3162 pateretur,
1323 3121 1374 3149 ac
1398 3107 1513 3148 dixit
1535 3121 1542 3148 ς
1570 3107 1778 3162 Quodam
1802 3108 1937 3149 modo
1961 3121 2007 3149 se
2023 3109 2058 3137 ‘¹⁰

324 3170 548 3220 admirari,
576 3172 612 3213 si
639 3178 820 3216 tantum
848 3177 908 3218 illi
935 3178 1025 3219 duo
1051 3177 1309 3219 huiusmodi
1336 3177 1570 3232 proditorii
1596 3178 1766 3223 consilii
1793 3178 2006 3220 authores
