2209 3643
236 200 295 224 22.
317 190 412 236 Julii
436 184 546 239 1539]
933 190 1007 226 No.
1032 194 1236 236 255—256
1860 200 1934 233 299

236 324 412 362 metant
437 333 579 362 unum
602 319 806 374 iugerum
829 324 874 362 et
899 320 1105 375 inquilini
1130 321 1328 363 medium
1352 322 1527 377 singuli.
1555 323 1672 364 Item
1696 336 1830 378 super
1852 322 1934 364 hos

236 391 411 433 labores
443 391 502 432 ad
533 390 801 446 petitionem
833 391 976 446 patris
1007 392 1166 447 prioris
1197 407 1252 434 ex
1285 407 1407 435 more
1439 393 1628 448 patriae,
1662 393 1756 435 sive
1788 397 1935 435 terrae

237 462 399 517 singuli
422 461 695 503 laborabunt
718 461 763 502 in
786 462 1014 512 metendo,
1037 464 1109 505 vel
1132 464 1355 513 falcando‚
1379 464 1473 507 sive
1496 464 1770 506 cumulando
1792 478 1934 506 unum

238 533 370 574 diem.
403 533 520 574 Item
549 532 594 573 in
623 533 739 574 festo
767 533 1039 575 Nativitatis
1067 539 1281 576 tenentur
1308 535 1415 577 dare
1442 549 1584 577 unum
1612 536 1786 590 pullum
1815 535 1935 590 capi—

204 604 387 645 otatim.
433 603 640 646 Vaivoda
682 607 836 645 autem
880 604 1079 659 ipsorum
1122 610 1304 647 tenetur
1346 606 1452 648 dare
1495 621 1635 648 unum
1680 606 1934 656 hinnulum,

237 675 375 729 Vulgo
395 689 490 724 cwz,
521 678 565 716 et
596 674 631 715 si
661 687 753 716 non
783 675 1008 725 habuerit,
1039 680 1220 718 tenetur
1249 677 1420 719 solvere
1448 677 1614 719 bovem
1644 691 1785 719 unum
1815 691 1935 718 mac-

237 745 425 787 tabilem
447 759 455 795 ;
482 750 664 787 tenetur
688 745 827 786 etiam
852 746 959 788 dare
985 747 1029 788 in
1054 747 1199 789 hieme
1224 748 1414 789 lodicem
1439 762 1596 797 unum,
1623 762 1757 803 quem
1783 748 1819 790 si
1843 761 1935 789 non

237 816 462 866 habuerit,
492 816 640 858 solvat
669 816 890 858 florenum
919 831 1074 860 unum.
1108 818 1160 860 In
1189 819 1316 860 cuius
1344 819 1405 861 rei
1433 819 1698 861 memoriam
1727 833 1934 875 praesen-

238 891 307 929 tes
335 892 514 929 nostras
533 887 710 930 litteras
731 887 874 943 sigillo
895 889 1064 930 ordinis
1084 889 1284 931 munitas
1313 890 1526 932 duximus
1554 891 1729 932 dandas
1757 894 1801 932 et
1831 904 1935 932 con-

185 973 220 999 10
239 958 475 1000 cedendas.
507 958 601 1000 Sub
633 958 760 1000 festis
794 960 1097 1001 Pentecostes⁴
1133 961 1266 1002 Anno
1298 975 1389 1015 quo
1421 975 1570 1016 supra.

1012 1031 1076 1083 (L.
1104 1030 1164 1085 s.)

384 1122 596 1166 (Originale
619 1122 794 1156 maxime
816 1123 1049 1157 laceratum.
1077 1123 1270 1168 Orszzigos
1294 1123 1490 1164 Leveltan
1530 1125 1749 1170 Budapest.
1787 1124 1935 1169 Gyula-

236 1181 436 1216 fehervari
462 1181 668 1227 kaptalan,
697 1181 805 1216 Cista
829 1182 1011 1216 Szatmar
1037 1183 1130 1217 fasc.
1160 1195 1194 1228 5.
1224 1184 1298 1217 No.
1331 1186 1403 1230 17.)

1045 1325 1143 1366 255.

185 1446 221 1472 15
802 1421 1010 1471 Krako'w,
1049 1434 1116 1464 22.
1152 1422 1273 1476 sulii
1308 1433 1434 1476 1539.

456 1513 742 1565 Hieronymus
763 1512 890 1554 Kaski
917 1513 1136 1551 Leonardo
1158 1513 1252 1551 Fels
1275 1514 1497 1564 capitaneo
1528 1514 1720 1564 generali.

385 1612 566 1654 Salvum
587 1613 843 1654 conductum
862 1616 940 1668 pro
964 1613 1095 1668 legato
1116 1613 1320 1654 vaivodae
1334 1613 1389 1653 M
1392 1613 1586 1654 oldaviae
1606 1627 1632 1654 a
1654 1627 1744 1668 rege
1765 1613 1935 1668 acquiri

240 1683 459 1738 implorat.

386 1777 492 1818 Fuit
521 1777 592 1818 hic
622 1781 774 1819 orator
801 1777 1016 1827 Moldavi‚
1047 1778 1125 1832 qui
1153 1792 1224 1819 me
1264 1782 1486 1832 tanquam
1524 1778 1724 1820 Sacramae
1768 1779 1935 1833 Regiae

184 1860 222 1886 20
240 1847 552 1890 Romanorum
601 1853 702 1897 etc„
753 1848 1004 1890 Maiestatis
1053 1848 1355 1890 consiliarium
1405 1849 1617 1890 convenit
1666 1850 1936 1905 rogavitque

238 1919 421 1960 nomine
442 1919 511 1960 sui
532 1919 770 1969 vaivodae,
793 1924 844 1961 ut
867 1920 990 1974 apud
1012 1919 1298 1961 Maiestatem
1318 1919 1455 1961 Suam
1476 1920 1935 1962 salvumconductum

240 1990 408 2031 oratori
440 1990 534 2032 eius
568 1991 702 2031 Petro
734 1990 960 2046 Warthyk
992 1991 1212 2031 marsalco
1244 1990 1392 2032 curiae
1423 1990 1647 2032 vaivodae
1680 1991 1935 2034 Moldaviae

238 2060 554 2116 impetrarem;
585 2061 800 2115 quoniam
827 2061 962 2103 vellet
991 2075 1123 2102 suum
1151 2066 1375 2102 oratorem
1392 2061 1451 2103 ad
1464 2062 1601 2103 Suam
1618 2059 1721 2103 Mtem
1740 2062 1934 2104 mittere.

239 2131 479 2174 Videretur
503 2132 659 2187 itaque
683 2132 793 2173 mihi
819 2132 946 2174 daret
970 2132 1060 2174 Sua
1085 2132 1298 2173 Maiestas
1323 2132 1368 2173 in
1393 2146 1632 2187 personam
1657 2133 1788 2175 istius
1813 2133 1936 2175 Petri

184 2215 223 2241 25
239 2201 466 2258 Warthyk
495 2207 575 2244 aut
607 2202 913 2257 cuiuscunque
943 2203 1126 2244 alterius
1155 2203 1330 2244 litteras
1363 2203 1480 2252 fidei,
1512 2217 1624 2258 quas
1654 2204 1725 2245 Vm
1765 2204 1936 2259 Magni—

238 2273 420 2315 ficentia
449 2274 633 2316 domino
663 2274 883 2316 Warkocz
913 2273 1055 2323 dabit,
1086 2278 1137 2315 ut
1168 2287 1242 2314 eas
1272 2274 1331 2315 ad
1359 2288 1431 2315 me
1460 2274 1746 2316 transmittat
1769 2289 1778 2325 ;
1809 2275 1934 2330 cupit

238 2348 393 2386 tamen
426 2345 472 2386 id
505 2358 643 2399 quam
672 2344 964 2386 secretissime
997 2344 1095 2394 fiat,
1119 2344 1333 2399 quoniam
1360 2344 1506 2394 timet,
1540 2359 1596 2386 ne
1628 2360 1706 2387 rex
1736 2346 1937 2400 Joannes

239 2429 344 2457 eum
380 2416 504 2471 apud
539 2416 733 2458 Turcam
769 2420 976 2465 accuset;
1007 2421 1091 2457 etc.

447 2507 626 2553 (Gevayz
661 2508 882 2542 Urkunden
917 2508 999 2541 und
1034 2507 1304 2542 Actenstucke
1335 2507 1429 2542 fasc.
1465 2508 1499 2541 8.
1533 2518 1622 2553 pag.
1663 2509 1735 2552 16.)

186 2651 220 2678 30
1032 2636 1131 2677 256.

757 2735 897 2783 Wierz,
928 2746 968 2788 9.
1001 2733 1263 2788 Septembris
1292 2745 1419 2787 1539.

389 2825 681 2865 Ferdinandus
700 2826 732 2864 I.
752 2839 824 2864 rex
844 2824 1087 2876 Hungariae
1102 2824 1318 2875 Stephano
1334 2823 1543 2863 vaivodae
1561 2824 1810 2865 Moldaviae.

384 2925 570 2966 Litterae
603 2924 877 2966 credentiales
910 2927 988 2978 pro
1020 2923 1176 2965 nuntio
1211 2924 1464 2965 Andronico
1504 2924 1560 2964 ad
1593 2937 1690 2965 eum
1728 2925 1875 2966 misso.

385 3018 652 3073 Spectabilis
687 3024 731 3060 et
756 3018 1002 3072 ,Magnifice
1036 3017 1205 3059 sincere
1239 3017 1412 3059 dilecte.

188 3099 222 3126 35
387 3089 702 3131 Commisimus
729 3088 918 3144 Egregio
944 3088 1065 3130 fideli
1090 3088 1220 3130 nobis
1259 3088 1424 3130 dilecto
1461 3088 1724 3143 Tranquillo
1761 3090 1937 3132 Andro-

241 3158 342 3200 nico
367 3160 585 3201 nonnulla
609 3159 740 3202 vobis
764 3159 945 3201 nomine
970 3163 1126 3200 nostro
1151 3159 1432 3214 exponenda,
1461 3158 1593 3200 sicuti
1620 3173 1771 3201 coram
1798 3161 1856 3202 ab
1883 3174 1935 3202 eo
