2209 3643
168 163 224 196 16.
260 161 348 196 Oct.
387 156 496 211 1503]
939 163 1014 197 No.
1036 174 1081 208 55
1810 166 1861 210 67

163 292 463 347 praesbiteros
483 293 566 334 sibi
587 292 794 334 subditos
814 298 1081 348 extorquere
1119 294 1305 343 velletis,
1327 299 1372 336 et
1393 295 1499 350 quia
1519 309 1600 337 nos
1619 309 1674 337 ex
1695 295 1857 338 litteris

164 367 498 405 antecessorum
532 368 789 405 nostrorum
824 364 1140 413 intelleximus,
1176 365 1300 420 quod
1333 365 1480 407 dictus
1515 366 1857 409 archidiaconus

163 438 207 475 et
239 434 433 488 praefati
462 434 725 489 praesbiteri
748 435 1028 477 Walachales
1050 436 1231 477 fuerunt
1267 437 1467 492 exempti
1498 437 1556 478 ab
1587 438 1709 479 omni
1740 438 1857 480 solu-

162 504 284 546 tione
304 505 616 560 byrsagiorum
631 510 675 547 et
691 505 828 547 etiam
845 506 902 547 ab
917 507 1039 548 omni
1059 512 1288 562 potestate
1308 508 1670 558 castellanorum,
1691 508 1856 551 waivo-

127 587 145 612 5
162 575 322 616 darum
348 580 392 617 et
418 576 607 618 aliorum
633 576 897 618 officialium
939 591 1313 633 quorumcunque
1335 592 1341 619 :
1385 578 1491 620 Ideo
1528 579 1658 621 vobis
1683 584 1727 621 et
1765 580 1855 622 cui-

160 645 268 687 libet
291 652 493 688 vestrum
514 647 674 688 harum
702 648 812 689 serie
846 648 1100 690 firmissime
1134 649 1462 691 committimus
1492 655 1537 691 et
1568 650 1853 701 mandamus,

158 717 374 771 quatinus
392 732 417 759 a
434 718 570 759 modo
586 718 796 773 deinceps
813 720 1069 773 praefatum
1089 720 1190 761 Dan
1209 720 1576 762 archidiaconum
1594 726 1638 763 et
1657 722 1854 777 praesbi-

157 792 277 829 teros
300 789 580 830 Walachales
601 789 686 830 sibi
708 789 947 839 subiectos,
973 795 1157 845 propter
1178 791 1352 845 aliquos
1374 805 1581 833 excessus
1602 797 1647 833 et
1670 792 1849 843 delicta,

157 872 208 900 ac
232 864 417 914 propter
439 860 638 914 aliquam
663 874 846 902 causam
874 861 1103 916 impedire,
1128 862 1312 903 turbare
1336 876 1387 903 ac
1410 862 1630 917 byrsagiis
1653 868 1698 905 et
1722 878 1852 906 exac-

104 944 141 971 ιο
157 930 359 972 tionibus
390 931 607 987 impedire
639 945 729 973 non
763 932 1077 987 praesumatis,
1112 947 1193 974 nec
1225 933 1323 975 sitis
1355 933 1453 975 ausi
1485 934 1620 976 modo
1653 935 1850 990 aliquali.

153 1001 241 1043 Sed
263 1002 299 1043 si
322 1002 440 1044 idem
463 1002 806 1044 archidiaconus
829 1003 999 1058 aliquid
1022 1004 1275 1053 excesserit,
1300 1009 1409 1046 tunc
1432 1004 1526 1059 ipse
1549 1019 1700 1047 coram
1723 1006 1853 1048 nobis

155 1073 227 1114 vel
264 1072 384 1114 vices
418 1078 597 1115 nostras
631 1079 813 1127 gerente
849 1074 1033 1115 iuridice
1068 1075 1336 1129 requiratur.
1372 1075 1417 1117 Si
1444 1090 1550 1117 vero
1586 1076 1853 1131 praesbiteri

154 1143 223 1185 sui
245 1144 300 1185 W
303 1144 527 1186 alachales
548 1144 593 1185 in
615 1145 767 1199 aliquo
794 1145 1065 1200 deliquerint
1100 1151 1145 1187 et
1179 1146 1318 1200 aliqui
1339 1151 1498 1188 contra
1518 1161 1593 1188 eos
1614 1147 1851 1203 quidpiam

154 1228 284 1269 agere
304 1215 547 1256 habuerint
568 1220 613 1257 et
637 1220 746 1257 tunc
768 1216 881 1257 tales
895 1216 1198 1271 conveni[unt]
1218 1217 1519 1272 praesbiteros
1540 1231 1692 1259 coram
1707 1219 1850 1260 archi-

102 1300 134 1327 15
154 1285 344 1327 diacono
385 1286 600 1341 ipsorum,
643 1286 721 1341 qui
762 1286 978 1328 iudicium
1019 1292 1064 1328 et
1106 1287 1328 1329 iustitiam
1370 1288 1454 1343 ipsi
1495 1289 1754 1343 querulanti
1795 1290 1851 1331 de

154 1356 441 1411 praesbiteris
463 1357 800 1398 VValachalibus
823 1357 1200 1412 [demon]strabit,
1218 1363 1320 1413 post
1343 1359 1441 1408 hac,
1459 1359 1495 1400 si
1517 1373 1632 1414 quae
1648 1360 1849 1415 partium

152 1427 317 1469 iudicio
344 1427 648 1469 archidiaconi
676 1433 892 1470 contenta
919 1443 1009 1470 non
1037 1429 1186 1478 fuerit,
1216 1430 1275 1471 ad
1301 1443 1383 1471 nos
1410 1435 1490 1472 aut
1518 1430 1849 1486 vicegerentem

151 1503 372 1549 nostrum,
418 1512 496 1540 seu
540 1513 778 1554 personam
822 1504 1025 1541 nostram
1069 1505 1474 1555 repraesentantes,
1519 1515 1602 1556 pro
1644 1506 1849 1558 tempore

151 1569 319 1611 scilicet
345 1569 417 1611 hic
441 1570 716 1612 constitutos
741 1575 956 1625 provocet
982 1575 1027 1612 et
1053 1571 1263 1626 appellet,
1285 1571 1357 1613 cui
1381 1585 1463 1614 nos
1487 1576 1568 1614 aut
1593 1572 1705 1615 dicti
1729 1573 1845 1615 Vice-

96 1656 134 1682 20
149 1645 354 1694 gerentes
395 1640 552 1690 nostri,
595 1641 905 1683 omnimodam
947 1641 1169 1683 iustitiam
1211 1642 1434 1697 impartiri
1475 1642 1657 1685 facient.
1710 1644 1846 1686 Secus

150 1726 241 1753 non
274 1711 451 1754 facturi.
488 1712 809 1754 Praesentibus
842 1712 1050 1767 perlectis
1082 1712 1315 1754 exhibenti
1347 1713 1587 1756 restitutis.

278 1783 506 1825 Datumin
515 1787 665 1825 castro
680 1787 835 1825 nostro
845 1783 1139 1832 Waradiensi,
1150 1783 1195 1825 in
1212 1783 1329 1825 festo
1345 1785 1477 1826 Beati
1491 1785 1842 1842 MatthaeiApo-

149 1854 253 1896 stoli
267 1858 311 1896 et
328 1854 662 1909 Evangelistae.
680 1855 813 1896 Anno
828 1854 1012 1896 Domini
1038 1854 1274 1896 Millesimo
1301 1855 1662 1910 quingentesimo
1690 1858 1841 1901 tertio.

199 1942 548 1987 (Transsumptum
575 1942 670 1976 anni
700 1953 807 1987 1554.
837 1942 1030 1986 Orszagos
1057 1942 1253 1982 Leveltar,
1284 1942 1502 1988 Budapest.
1535 1944 1598 1978 Dl.
1630 1946 1784 1990 36571.)

92 2033 131 2060 25
281 2015 466 2055 Litterae
499 2016 602 2054 haec
634 2015 913 2066 privilegiales
945 2015 1217 2054 confirmatae
1250 2020 1349 2054 sunt
1382 2029 1456 2067 per
1488 2016 1680 2056 Fratrem
1713 2018 1838 2058 Geor-

146 2074 260 2124 gium
281 2074 462 2114 electum
485 2075 812 2121 Waradiensem,
837 2075 1145 2113 thesaurarium
1177 2079 1220 2112 et
1253 2075 1537 2114 consiliarium
1571 2077 1727 2127 Regiae
1761 2076 1839 2116 Mtis

146 2146 194 2172 ac
220 2134 418 2172 comitem
455 2139 708 2185 perpetuum
733 2134 962 2172 comitatus
986 2133 1242 2172 Bihoriensis
1267 2134 1627 2186 castellanumque
1665 2141 1707 2175 et
1744 2150 1837 2188 pro-

145 2193 326 2231 visorem
346 2193 473 2232 castri
492 2193 701 2232 Budensis
719 2215 773 2221 —-
794 2192 1023 2238 Waradini,
1046 2192 1148 2231 feria
1168 2197 1289 2231 sexta
1309 2198 1408 2232 ante
1428 2194 1584 2232 festum
1604 2195 1836 2235 Beatorum
1864 2217 1911 2248 18.
1934 2217 2002 2255 Jan.

145 2251 322 2290 Fabiani
353 2256 395 2291 et
421 2252 660 2291 Sebastiani
690 2257 927 2303 martyrum
960 2251 1061 2300 1538
1092 2256 1134 2290 et
1165 2252 1318 2290 iterum
1347 2265 1421 2303 per
1450 2253 1656 2292 Mathiam
1686 2255 1836 2294 Zaber-

94 2317 130 2343 30
144 2311 291 2349 dinum
314 2312 559 2363 episcopum
582 2312 779 2350 ecclesiae
804 2310 1085 2353 Waradiensis
1121 2323 1169 2348 ac
1205 2311 1403 2349 comitem
1434 2317 1686 2363 perpetuum
1710 2315 1836 2353 comi-

144 2374 261 2408 tatus
291 2370 548 2410 Bihoriensis
578 2370 807 2415 Waradini,
842 2370 944 2408 feria
964 2374 1084 2408 sexta
1113 2373 1212 2408 ante
1237 2369 1492 2409 dominicam
1513 2371 1833 2419 Misericordiae,
1859 2388 1888 2417 6.
1912 2389 1987 2428 Apr.

146 2439 261 2479 1554-

965 2495 1033 2536 55.

659 2582 803 2629 Euda,
845 2582 912 2622 16.
955 2580 1145 2622 Octobris
1188 2591 1315 2632 1503.

87 2683 125 2709 35
342 2666 596 2705 Wladislaus
619 2667 675 2705 ΙΙ.
700 2679 773 2705 rex
796 2666 1037 2716 Hungariae
1060 2665 1299 2703 Alexandro
1321 2665 1405 2715 regi
1429 2666 1637 2706 Poloniae.

286 2753 487 2808 Experto,
528 2753 640 2808 quod
680 2753 927 2808 Stephanus
967 2752 1149 2793 vaivoda
1206 2756 1361 2793 terram
1401 2757 1652 2808 occupatam
1692 2755 1832 2797 cedere

141 2823 263 2872 nolit,
291 2837 334 2865 se
367 2824 423 2865 ad
448 2828 597 2879 pacem
628 2824 893 2865 condendam
923 2822 1112 2877 finesque
1144 2822 1398 2864 issoldavz'ae
1431 2824 1699 2866 ordinandas
1731 2840 1831 2868 suos

141 2893 336 2935 homines
369 2895 533 2936 mittere
566 2899 770 2950 paratum
803 2894 984 2949 praebet.

287 2987 558 3029 Wladislaus
576 2988 659 3029 Dei
676 2988 822 3043 gratia
838 3001 916 3028 rex
935 2986 1195 3041 Hungariae
1212 2991 1256 3028 et
1276 2986 1519 3029 Bohemiae
1535 2992 1620 3030 etc.
1637 2989 1830 3032 Serenis·

87 3079 123 3105 40
141 3057 254 3099 simo
282 3058 474 3113 principi
503 3059 687 3100 domino
716 3058 988 3105 Alexandro,
1019 3057 1176 3098 eadem
1205 3057 1352 3112 gratia
1382 3058 1593 3100 Poloniae
1620 3060 1713 3114 regi
1741 3066 1825 3103 etc.

142 3127 290 3170 Fratri
328 3143 540 3183 germano
563 3135 717 3171 nostro
739 3128 1011 3170 charissimo.
1051 3128 1254 3169 Salutem
1293 3132 1337 3170 et
1378 3142 1692 3184 prosperorum
1731 3145 1829 3174 suc-

1632 3219 1671 3264 δὴ
