2209 3643
166 170 203 202 6.
238 167 346 213 Sept.
384 162 494 217 1505]
943 168 1017 202 No.
1043 170 1090 212 63
1816 178 1864 213 77

167 297 305 338 vaida
328 311 375 339 se
398 301 442 339 et
467 310 743 339 successores
766 310 871 338 suos
895 297 953 338 ad
977 311 1157 339 omnem
1181 297 1449 339 fidelitatem
1472 302 1517 339 et
1541 298 1867 340 subiectionem

168 372 438 423 perpetuam
465 368 597 410 nobis
623 373 668 410 et
695 368 1025 410 successoribus
1051 369 1217 410 nostris
1243 373 1287 411 et
1315 382 1451 423 regno
1478 369 1690 411 Poloniae
1717 369 1869 410 inscri-

169 439 262 488 bet,
285 439 486 494 nullique
508 439 694 481 domino
715 444 795 480 aut
816 439 1008 494 principi
1030 440 1266 489 catholico,
1290 439 1577 482 schismatico
1598 441 1669 482 vel
1690 453 1869 496 pagano

169 510 265 552 sine
301 510 491 553 scientia
528 515 572 552 et
611 510 797 552 consilio
833 515 989 552 nostro
1026 515 1070 552 et
1108 525 1414 553 successorum
1451 516 1708 553 nostrorum
1745 511 1869 566 regni

138 600 153 625 r>
172 582 384 623 Poloniae
409 582 690 630 adhaerebit,
715 586 795 622 aut
819 595 865 623 se
888 582 1241 632 confoederabit,
1266 596 1400 637 quem
1425 596 1506 624 nos
1529 583 1573 625 in
1596 588 1799 624 nostram
1823 586 1868 624 et

169 653 293 707 regni
331 653 473 695 nostri
507 653 836 708 protectionem
871 667 1152 695 assumemus
1186 654 1551 708 ascribemusque
1584 659 1868 709 perpetuam,

170 728 222 765 ut
250 725 323 766 ille
350 738 431 766 nos
458 728 502 766 et
530 738 611 766 nos
637 725 785 780 ipsum
813 729 972 766 contra
998 725 1246 779 quemlibet
1274 726 1451 767 hostem
1478 739 1568 767 non
1595 725 1868 774 deseramus,

168 795 247 837 sed
283 796 394 837 totis
430 795 603 837 viribus
639 800 683 837 et
719 796 939 849 potentiis
974 796 1140 837 nostris
1175 810 1257 837 nos
1293 796 1486 838 invicem
1522 797 1567 838 in
1605 796 1727 838 omni
1763 810 1870 837 casu

169 866 489 908 adiuvabimus
504 870 563 917 et,
579 871 630 908 ut
647 866 811 908 futuris
832 867 1062 921 perpetuis
1083 867 1363 921 temporibus
1385 867 1502 909 inter
1522 881 1603 909 nos
1625 881 1677 909 ac
1698 881 1871 909 succes-

119 956 152 981 10
169 951 291 979 sores
308 943 488 980 nostros
505 952 556 979 ac
575 938 692 979 inter
710 938 859 991 ipsum
877 938 1122 980 vaivodam
1141 943 1185 980 et
1204 952 1479 980 successores
1497 952 1600 980 suos
1617 952 1708 980 non
1726 938 1870 980 orian-

170 1013 246 1050 tur
281 1023 483 1063 unquam
521 1009 776 1050 occasiones
813 1009 1157 1051 contentionum
1193 1013 1237 1051 et
1275 1009 1615 1059 discordiarum,
1653 1010 1871 1065 quemad-

169 1079 358 1121 modum
400 1081 621 1121 hactenus
651 1080 839 1129 fiebant,
870 1081 1136 1135 praesertim
1165 1081 1463 1134 granicierum
1493 1081 1669 1122 ratione
1699 1081 1870 1123 tenebi-

170 1164 271 1192 mur
296 1151 515 1205 granicies
540 1156 726 1206 propter
752 1151 1085 1193 observandam
1111 1165 1269 1207 pacem
1296 1152 1513 1193 innovare
1539 1152 1656 1193 inter
1681 1166 1870 1207 regnum

170 1226 378 1263 nostrum
408 1226 452 1263 et
483 1227 652 1264 terram
683 1222 952 1272 Moldaviae,
983 1224 1100 1264 sicut
1131 1223 1302 1264 domini
1332 1227 1376 1264 et
1407 1223 1462 1264 de
1491 1236 1628 1277 regno
1658 1223 1871 1265 Poloniae

118 1309 153 1336 15
171 1297 215 1334 et
240 1292 297 1334 de
319 1298 441 1334 terra
463 1293 718 1335 Moldaviae
741 1298 785 1334 et
809 1307 899 1334 non
923 1294 978 1334 de
1001 1294 1099 1335 aliis
1121 1293 1251 1335 terris
1273 1307 1354 1349 pro
1377 1298 1571 1349 utraque
1594 1298 1724 1349 parte
1746 1294 1871 1336 inve-

171 1364 297 1405 nient
329 1364 499 1406 iustum
531 1378 638 1413 esse,
673 1364 751 1418 qui
781 1364 965 1418 quidem
996 1365 1205 1407 dominus
1232 1365 1465 1418 Johannes
1495 1365 1700 1419 Bogdan,
1732 1366 1870 1407 vaida

172 1434 428 1477 Moldaviae
459 1449 513 1476 ex
544 1449 664 1476 nunc
694 1435 920 1485 restituet,
953 1436 1170 1490 quiequid
1201 1441 1346 1478 terrae
1377 1437 1432 1478 de
1461 1450 1598 1491 regno
1628 1437 1870 1491 occupavit

171 1506 303 1548 aliter
339 1506 542 1561 possedit
581 1506 914 1548 restituendum
953 1511 1072 1548 terra
1110 1521 1213 1549 curn
1252 1507 1461 1549 omnibus
1497 1508 1868 1562 possessionibus,

171 1576 397 1634 gentibus,
435 1577 592 1619 incolis
627 1581 672 1618 et
709 1577 1007 1632 proventibus
1042 1583 1087 1620 et
1124 1579 1244 1620 solus
1280 1578 1438 1633 recipit
1474 1583 1518 1620 et
1556 1579 1692 1620 modo
1728 1583 1870 1628 tenet,

120 1664 157 1691 20
174 1652 400 1704 quatenus
430 1654 527 1690 tam
556 1662 652 1697 nos,
685 1662 823 1702 quam
854 1649 1019 1690 caeteri
1048 1649 1272 1704 principes
1302 1649 1535 1692 christiani
1566 1650 1699 1692 amici
1728 1650 1872 1691 nostri

173 1720 563 1762 benevolentiores
592 1719 848 1762 efficiantur
877 1720 935 1761 ad
965 1720 1116 1761 omnia
1144 1734 1225 1775 pro
1254 1721 1512 1763 defensione
1541 1720 1680 1775 ipsius
1708 1721 1872 1762 vaidae

174 1795 218 1833 et
237 1804 320 1846 pro
337 1791 431 1833 eius
448 1790 683 1846 petitionis
702 1791 1007 1840 exauditione,
1026 1796 1271 1846 postquam
1289 1806 1397 1834 vero
1415 1791 1624 1834 dominus
1639 1793 1872 1846 johannes

173 1862 364 1917 Bogdan
394 1862 532 1904 vaida
561 1862 896 1917 suprascriptus
925 1875 994 1902 res
1024 1862 1230 1917 implebit
1261 1867 1305 1904 et
1336 1868 1505 1905 terram
1535 1863 1758 1912 restituet,
1790 1877 1873 1904 nos

173 1934 267 1975 eius
294 1933 617 1975 benevolenter
644 1932 703 1974 ad
730 1947 910 1975 omnem
937 1938 1153 1975 eventum
1181 1934 1416 1975 certiorem
1443 1938 1488 1976 et
1516 1934 1873 1976 constantiorem

119 2019 155 2045 25
172 2005 328 2046 favore
368 2009 524 2047 nostro
566 2004 775 2046 faciendo
802 2004 1114 2059 promittimus
1155 2009 1200 2046 et
1242 2005 1505 2060 pollicemur
1534 2019 1637 2046 eum
1667 2005 1870 2047 consilia-

171 2075 247 2117 riis
278 2075 459 2125 nostris,
494 2076 602 2131 quia
635 2075 911 2117 consiliarios
944 2075 1160 2117 debemus
1192 2079 1237 2117 et
1272 2075 1520 2117 ordinarios
1553 2076 1664 2117 alias
1696 2076 1872 2130 jednacz

171 2147 388 2188 debemus
419 2161 522 2188 cum
550 2146 844 2188 Sanctissimo
887 2146 1070 2188 domino
1112 2151 1267 2188 nostro
1308 2161 1429 2202 papa
1459 2151 1503 2188 et
1533 2146 1656 2188 Sernm
1688 2147 1874 2188 domina

170 2217 410 2259 Elizabeth
440 2218 523 2259 Dei
543 2218 690 2272 gratia
719 2217 872 2271 regina
902 2217 1128 2267 Poloniae,
1159 2217 1467 2272 genitriceque
1485 2222 1655 2266 nostra,
1678 2232 1729 2259 ac
1748 2218 1871 2260 Sere-

171 2288 367 2330 nissimis
401 2289 681 2344 principibus
717 2288 910 2330 dominis
946 2288 1208 2343 Hungariae
1242 2293 1287 2330 et
1324 2288 1570 2330 Bohemiae
1604 2303 1719 2343 rege,
1757 2289 1871 2330 duce

117 2373 153 2400 30
168 2359 457 2414 Sigismundo
488 2360 669 2401 Maioris
701 2359 959 2414 Glogoviae,
1006 2359 1241 2414 Oppaviae
1272 2364 1317 2400 et
1350 2360 1395 2400 in
1425 2359 1564 2400 Slesia
1596 2359 1723 2408 duce,
1757 2360 1872 2401 eius-

171 2430 365 2485 demque
396 2430 563 2472 Slesiae
597 2431 839 2486 superioris
874 2435 918 2472 et
954 2430 1174 2471 inferioris
1227 2430 1542 2484 gubernatore,
1580 2434 1626 2472 et
1661 2430 1873 2472 daremus

169 2505 305 2555 prout
350 2501 457 2544 dare
499 2502 710 2544 volumus
753 2501 898 2544 eidem
941 2501 1125 2542 domino
1165 2501 1368 2554 Johanni
1411 2501 1601 2555 Bogdan
1644 2502 1871 2543 vaivodae

170 2572 426 2614 Moldaviae
465 2573 595 2614 Illmam
632 2573 882 2628 principem
920 2571 1140 2626 virginem
1178 2571 1418 2614 Elizabeth
1455 2572 1722 2627 reginulam‚
1749 2586 1870 2614 soro-

169 2656 265 2684 rem
291 2647 495 2685 nostram
523 2644 833 2685 charissimam
873 2647 917 2684 et
958 2647 1074 2684 esset
1101 2642 1186 2684 sibi
1213 2642 1410 2684 coniunx
1437 2647 1482 2684 et
1510 2643 1696 2684 domina
1723 2647 1871 2685 terrae

118 2727 154 2753 35
170 2713 440 2764 Moldaviae,
470 2714 595 2769 quod
621 2728 703 2756 nos
730 2714 993 2770 pollicemur
1020 2718 1065 2755 et
1096 2713 1406 2768 promittimus
1434 2713 1630 2755 fideliter
1656 2717 1701 2755 et
1730 2714 1870 2756 since—

169 2784 291 2834 riter,
308 2785 403 2826 sine
417 2785 569 2840 aliquo
585 2786 746 2836 colore,
762 2784 853 2827 doli
868 2788 912 2825 et
929 2784 1099 2838 absque
1124 2784 1309 2833 astutia,
1336 2784 1381 2825 in
1406 2784 1546 2826 verbo
1569 2789 1726 2826 nostro
1750 2785 1871 2840 regio

170 2855 357 2897 tandem
379 2856 584 2898 volentes
611 2857 708 2898 Deo
731 2856 840 2898 dum
862 2855 1046 2896 venient
1071 2868 1151 2910 per
1171 2867 1253 2896 nos
1275 2855 1320 2896 in
1343 2869 1395 2896 ea
1416 2868 1463 2896 re
1485 2855 1699 2897 mittendi
1722 2860 1871 2897 orato-

168 2939 239 2967 res
262 2926 407 2968 nostri
433 2940 460 2967 a
481 2927 775 2969 Sanetissimo
801 2925 984 2967 domino
1008 2930 1166 2967 nostro
1190 2939 1312 2980 papa
1337 2930 1383 2967 et
1409 2940 1435 2967 a
1461 2926 1678 2967 fratribus
1703 2927 1871 2968 nostris

168 3009 251 3038 nos
276 2997 492 3039 debemus
516 2997 753 3040 instituere
777 2996 1124 3039 conventionem
1147 2996 1414 3051 generalem,
1440 2996 1500 3038 ad
1517 3009 1655 3051 quam
1675 3010 1869 3039 conven-

115 3079 154 3105 40
170 3066 341 3109 tionem
364 3068 574 3110 dominus
593 3069 827 3122 Johannes
851 3067 1042 3121 Bogdan
1064 3066 1204 3108 vaida
1226 3067 1361 3109 debet
1384 3067 1566 3109 mittere
1588 3080 1693 3109 suos
1717 3068 1871 3110 fideles

169 3141 214 3179 et
250 3142 461 3192 potentes
497 3139 704 3181 dominos
741 3139 786 3180 in
821 3137 1045 3193 legatione
1081 3137 1141 3179 ad
1175 3151 1271 3187 nos,
1309 3137 1388 3193 qui
1422 3142 1533 3180 tunc
1569 3137 1865 3193 ordinabunt)
