2209 3643
196 203 231 236 9.
251 194 361 239 Junii
385 188 495 243 1526]
953 194 1029 228 No.
1055 203 1124 238 103
1826 205 1892 240 141

989 392 1087 434 103.

637 513 1018 568 [Gyulczfdzdrvcin
1053 526 1092 568 9.
1128 514 1265 567 Junz'z'
1298 515 1456 568 1526]

198 606 439 658 Capitulum
472 604 666 644 ecclesiae
698 604 893 643 Albensis
914 604 1230 655 Transylvanae
1262 618 1338 656 pro
1364 610 1484 657 parte
1506 606 1646 645 Radul
1671 606 1893 645 vaivodae.

341 717 561 759 Relatoria
600 716 850 758 statutionis
887 717 1149 772 oppidorum
1200 717 1382 758 Alvincz
1420 722 1456 759 et
1495 718 1706 759 Borberek
1744 718 1792 759 in
1830 732 1895 760 co-

169 790 354 836 5mitatu
403 788 585 830 Albensi
628 787 903 830 existentium
945 792 1023 843 pro
1065 791 1186 842 parte
1225 788 1371 829 Radul
1413 789 1616 830 veliz-odae
1663 789 1897 830 Valaclziae

198 861 347 913 jactae.

343 966 603 1021 Capitulum
631 966 841 1007 ecclesiae
867 964 1074 1007 Albensis
1100 965 1453 1020 Transylvanae.
1483 966 1704 1009 Omnibus
1731 967 1896 1009 Christi

197 1037 406 1079 fidelibus
447 1037 762 1093 praesentibus
804 1041 848 1078 et
891 1036 1056 1078 futuris
1098 1050 1308 1092 praesens
1350 1037 1569 1092 scriptum
1611 1038 1892 1093 inspecturis.

195 1109 398 1151 Salutem
424 1108 470 1149 in
497 1108 698 1150 omnium
725 1107 936 1164 largitore
957 1142 964 1149 .
990 1142 997 1149 .
1023 1142 1030 1150 .
1058 1107 1130 1149 Ad
1155 1108 1469 1149 universorum
1495 1108 1707 1151 notitiam
1734 1110 1895 1151 harum

145 1189 182 1214 10
198 1180 309 1222 serie
353 1180 564 1221 volumus
608 1180 855 1234 pervenire,
893 1178 1016 1233 quod
1060 1192 1142 1220 nos
1198 1179 1374 1221 litteras
1429 1174 1544 1221 Sermi
1583 1181 1892 1236 principis...

199 1251 420 1293 Ludovici
451 1251 536 1293 Dei
566 1250 714 1305 gratia
745 1250 860 1305 regis
892 1250 1154 1304 Hungariae
1176 1284 1183 1291 .
1209 1284 1216 1291 .
1241 1284 1248 1291 .
1288 1250 1640 1292 introductorias
1672 1256 1716 1294 et
1748 1256 1895 1293 statu-

198 1322 338 1364 torias
367 1321 497 1364 nobis
526 1321 837 1377 praeceptorie
866 1321 1102 1376 loquentes
1133 1325 1178 1362 et
1209 1321 1402 1362 directas
1432 1335 1609 1363 summa
1639 1337 1741 1364 cum
1771 1337 1894 1364 reve-

198 1394 345 1435 rentia
373 1393 624 1448 recepimus
651 1392 696 1434 in
724 1393 834 1433 haec
861 1393 1029 1433 verba:
1061 1392 1319 1434 Ludovicus
1347 1394 1455 1434 etC.1
1485 1393 1577 1434 Nos
1605 1393 1741 1449 igitur
1768 1408 1894 1435 man-

199 1464 318 1507 datis
344 1464 546 1507 eiusdem
569 1457 691 1505 Sermi
718 1463 889 1504 domini
926 1463 1068 1505 nostri
1100 1463 1214 1518 regis
1240 1463 1431 1505 fideliter
1456 1464 1636 1506 obedire
1662 1465 1894 1520 cupientes

146 1543 182 1569 15
198 1550 396 1577 unacum
444 1535 652 1590 praefato
701 1533 910 1576 Ladislao
959 1534 1014 1575 de
1064 1535 1392 1590 Hozywthelek
1439 1535 1621 1577 homine
1656 1549 1737 1577 suo
1773 1536 1893 1591 regio

197 1611 405 1649 nostrum
446 1606 677 1648 hominem
717 1604 927 1648 videlicet
969 1606 1280 1647 honorabilem
1320 1606 1588 1660 magistrum
1629 1606 1893 1662 Gregorium

198 1691 277 1720 seu
307 1678 544 1720 custodem
575 1691 628 1718 ac
658 1682 878 1719 rectorem
910 1676 1066 1718 altaris
1094 1676 1394 1719 Sacratissimi
1426 1677 1631 1732 Corporis
1653 1677 1817 1720 Christi
1848 1678 1893 1719 in

197 1750 283 1791 hac
329 1748 515 1791 ecclesia
558 1752 715 1790 nostra
760 1748 944 1790 Albensi
989 1747 1223 1803 praedicta
1268 1747 1448 1790 fundati
1495 1748 1553 1790 ad
1598 1749 1893 1803 praemissam

198 1820 584 1863 introductionem
633 1824 678 1861 et
722 1819 1021 1861 statutionem
1064 1833 1146 1861 suo
1176 1819 1311 1861 modo
1348 1819 1540 1861 fideliter
1589 1821 1893 1874 peragendam

146 1898 181 1924 ‘20
198 1896 355 1934 nostro
390 1905 471 1947 pro
513 1890 774 1932 testimonio
804 1891 892 1932 fide
935 1890 1123 1945 dignum
1166 1890 1379 1932 duximus
1421 1890 1758 1932 destinandum.
1804 1891 1892 1946 Qui

198 1962 385 2004 tandem
402 1962 564 2004 exinde
579 1962 638 2004 ad
651 1975 733 2003 nos
753 1961 919 2004 reversi
941 1961 1223 2003 concorditer
1242 1961 1494 2003 retulerunt
1515 1962 1645 2003 nobis
1666 1975 1717 2003 eo
1739 1962 1889 2012 modo,

198 2033 426 2088 quomodo
446 2033 530 2088 ipsi
550 2033 661 2074 teria
681 2037 846 2088 quarta
863 2032 1072 2088 proxima
1091 2036 1194 2087 post
1214 2032 1383 2074 festum
1403 2032 1693 2074 Pentecostes
1712 2034 1892 2075 noviter

198 2104 495 2159 praeteritum
544 2104 602 2146 ad
650 2103 788 2146 facies
835 2103 1217 2159 praescriptorum
1266 2102 1536 2158 oppidorum
1584 2104 1798 2160 Alvwncz
1846 2109 1891 2146 et

198 2176 428 2218 Borberek
455 2180 724 2217 vocatorum
753 2175 799 2216 in
828 2174 951 2216 dicto
980 2174 1203 2216 comitatu
1230 2174 1415 2216 Albensi
1443 2174 1737 2217 existentium
1765 2176 1892 2217 habi-

144 2253 180 2278 ‘25
198 2251 364 2295 torum,
398 2245 558 2288 vicinis
589 2251 634 2288 et
667 2245 990 2288 commetaneis
1021 2245 1266 2287 eorundem
1297 2245 1546 2289 universis.
1571 2280 1611 2288 ..
1645 2246 1756 2288 inibi
1787 2246 1891 2301 legi-

198 2318 308 2360 time
343 2316 604 2359 convocatis
637 2320 682 2358 et
715 2316 1046 2372 praesentibus
1077 2317 1411 2366 accedentibus,
1442 2316 1562 2359 idem
1588 2318 1725 2359 homo
1745 2318 1891 2373 regius

199 2388 320 2430 dicto
334 2393 490 2430 nostro
504 2388 766 2430 testimonio
773 2391 1009 2443 praesente
1024 2387 1348 2429 introduxisset
1357 2387 1616 2443 praefatum
1627 2389 1787 2431 Radwl
1795 2389 1890 2430 vai-

198 2459 366 2501 vodam
380 2459 610 2515 ipsiusque
624 2459 838 2501 haeredes
854 2463 898 2501 et
919 2462 1123 2514 posteros
1143 2458 1376 2500 universos
1395 2458 1441 2500 in
1462 2459 1713 2501 dominium
1733 2473 1890 2501 eorun-

199 2530 301 2572 dem
321 2530 649 2585 statuissetque
669 2530 827 2571 eadem
848 2529 1016 2585 oppida
1043 2528 1188 2571 eidem
1214 2529 1452 2572 simulcum
1479 2531 1653 2572 cunctis
1679 2530 1889 2586 praediis,

145 2606 182 2632 «⁹0
198 2600 330 2651 villis,
364 2601 542 2643 arcibus
575 2600 762 2655 aliisque
799 2601 891 2642 suis
921 2599 1198 2642 utilitatibus
1231 2604 1275 2641 et
1307 2601 1592 2655 pertinentiis
1613 2601 1891 2656 quibuslibet

198 2672 470 2726 praemissae
506 2671 764 2714 donationis
801 2671 937 2713 titulo
973 2670 1057 2725 ipsi
1093 2670 1460 2714 incumbentibus
1496 2676 1715 2727 perpetuo
1751 2672 1891 2727 possi-

199 2742 362 2792 denda,
392 2742 517 2784 nullo
545 2742 727 2797 penitus
768 2741 1131 2791 contradictore;
1180 2746 1264 2783 etc.
1298 2743 1351 2784 In
1381 2744 1507 2786 cuius
1535 2743 1597 2784 rei
1626 2743 1890 2784 memoriam

198 2813 553 2868 firmitatemque
572 2817 840 2868 perpetuam
860 2817 1119 2867 praesentes
1139 2812 1314 2855 litteras
1333 2813 1631 2869 privilegiales
1650 2813 1890 2869 pendentis

199 2887 244 2925 et
278 2883 531 2926 authentici
564 2883 696 2938 sigilli
728 2884 873 2925 nostri
907 2883 1155 2926 munimine
1174 2884 1411 2926 roboratas
1444 2885 1566 2927 dicto
1601 2884 1762 2926 Radwl
1794 2884 1889 2925 vai-

145 2959 182 2987 35
199 2954 344 2996 vodae
364 2955 546 3010 suisque
564 2954 805 2996 heredibus
836 2959 881 2996 et
901 2954 1248 3010 posteritatibus
1280 2956 1500 2997 universis
1520 2955 1685 2997 iurium
1705 2968 1889 2996 suorum

199 3025 451 3067 uberiorem
489 3025 548 3067 ad
585 3025 811 3067 cautelam
849 3025 1062 3067 duximus
1100 3025 1408 3068 concedendas
1447 3026 1676 3068 communi
1713 3025 1889 3067 iustitia

341 3178 355 3199 1
385 3178 624 3213 Mandatum
656 3180 730 3213 hoc
756 3180 856 3224 regis
888 3189 967 3213 non
1000 3181 1060 3213 est
1091 3178 1296 3214 insertum.

1915 2068 1964 2098 23.
1989 2060 2074 2090 Maii.
