2209 3643
152 159 213 190 26.
247 157 342 191 Maii
376 150 486 206 1507]
922 155 996 189 No.
1021 158 1068 200 65
1800 154 1845 187 81

144 287 405 328 Moldaviae
435 286 682 335 inferimus,
706 286 962 341 praesentia
991 290 1147 327 autem
1176 285 1360 340 scripta,
1382 284 1497 326 sicut
1520 283 1845 332 concludimus,

143 358 255 412 quia
286 358 396 399 dum
428 357 675 413 praemissa
707 358 859 400 omnia
891 371 946 398 ex
979 362 1172 411 utraque
1205 360 1335 411 parte
1368 355 1730 410 complebuntur,
1764 368 1848 396 nos

146 429 357 471 volumus
388 434 432 470 et
464 429 727 485 pollicemur
757 434 801 470 et
835 428 1176 470 matrimonium
1208 428 1292 468 hoc
1323 427 1381 468 ad
1412 427 1547 468 finem
1579 426 1844 468 deducatur.

147 500 273 555 Quae
299 500 451 541 omnia
489 505 533 542 et
571 500 747 555 singula
771 499 1080 554 suprascripta
1117 513 1198 540 nos
1236 498 1492 540 Alexander
1517 511 1594 539 rex
1620 497 1847 553 promitti·

112 584 247 612 smus
287 572 485 613 tenenda
517 577 562 613 et
591 571 860 626 complenda
899 570 1083 612 domino
1123 569 1323 624 Johanni
1364 569 1584 623 Bogdano
1623 568 1847 610 vaivodae

146 646 292 683 terrae
324 642 593 692 Moldaviae,
627 642 721 683 sine
753 642 857 684 dolo
899 646 943 683 et
976 641 1069 683 sine
1102 641 1246 683 colore
1278 640 1424 682 omnis
1457 640 1627 682 fraudis
1647 643 1691 682 et
1712 653 1848 695 super

145 713 229 754 hoc
246 717 313 754 est
330 713 440 755 fides
457 719 612 755 nostra
627 718 671 755 et
690 713 799 754 fides
814 713 1016 754 omnium
1033 718 1077 754 et
1094 712 1371 767 singulorum
1399 711 1687 753 dominorum
1704 711 1847 752 archi-

145 784 472 839 episcoporum,
502 785 829 840 episcoporum,
859 784 1179 839 palatinorum,
1203 783 1551 825 castellanorum
1572 796 1623 824 ac
1643 782 1847 823 omnium

145 855 335 896 aliorum
356 856 660 910 spiritualium
691 860 735 897 et
767 855 1078 903 saecularium,
1103 854 1457 896 consiliariorum
1484 858 1769 903 nostrorum;
1802 853 1848 895 in

92 939 127 966 10
145 940 301 968 eorum
328 927 532 968 omnium
559 931 603 969 et
631 927 908 981 singulorum
936 926 1284 981 praemissorum
1310 924 1420 966 fides
1445 929 1490 966 et
1517 924 1845 974 testimonium,

145 998 339 1052 sigillum
368 1003 574 1039 nostrum
605 997 918 1053 praesentibus
947 1002 1014 1038 est
1042 997 1386 1051 subaspensum.

292 1069 464 1110 Datum
506 1069 550 1110 in
591 1069 890 1110 conventione
932 1067 1208 1109 Lubliniensi
1247 1066 1456 1121 generali,
1499 1066 1609 1108 feria
1649 1065 1848 1108 secunda

145 1145 248 1194 post
293 1139 569 1181 dominicam
613 1140 754 1181 Oculi.
801 1140 934 1180 Anno
979 1138 1161 1180 Domini
1205 1137 1440 1179 Millesimo
1484 1137 1846 1192 quingentesimo

145 1215 291 1260 sextO,
321 1211 445 1265 regni
474 1225 581 1252 vero
609 1211 752 1252 nostri
780 1210 954 1265 quinto.

91 1317 129 1346 15
296 1305 433 1350 (Copia
453 1315 614 1339 coaeva.
636 1304 857 1339 Archivum
876 1304 1042 1350 capituli
1071 1303 1360 1349 Strigoniensis.
1394 1303 1638 1348 Esztergom.
1659 1302 1789 1348 Capsa
1809 1302 1843 1337 8.

145 1364 263 1399 secul.
297 1364 392 1399 fase.
423 1367 458 1398 6.
490 1364 564 1398 No.
599 1365 670 1408 19.)

957 1515 1026 1556 65.

716 1625 860 1674 Euda,
897 1625 964 1666 26.
1001 1624 1124 1666 Maii
1159 1635 1284 1677 1507.

147 1716 370 1755 Emericus
393 1715 573 1766 Perenyi
594 1714 810 1767 palatinus
843 1714 1029 1766 capitulo
1063 1713 1258 1752 ecclesiae
1291 1713 1484 1752 Albensis
1517 1712 1844 1764 Transylvanae.

91 1841 130 1867 20
294 1815 566 1857 Mandatum
590 1814 871 1856 evocatorium
896 1818 974 1868 pro
997 1817 1117 1868 parte
1138 1813 1340 1854 dominae
1360 1812 1616 1854 Catlzerinae
1639 1811 1846 1854 consortis

146 1886 380 1928 Laurentii
413 1885 566 1941 Ujlaki
598 1889 744 1927 contra
768 1885 948 1939 Bogdan
978 1884 1204 1925 vaivodam
1227 1884 1283 1925 M
1286 1883 1493 1933 adamae,
1526 1883 1692 1924 ratione
1716 1883 1847 1924 castri

147 1957 435 2000 Kukullb‘vdr.

295 2064 466 2106 Amicis
505 2063 597 2105 suis
638 2062 914 2105 Reverendis
955 2061 1154 2117 capitulo
1193 2061 1403 2103 ecclesiae
1441 2060 1648 2102 Albensis
1686 2061 1849 2103 Trans-

150 2135 365 2177 silvanae.
401 2134 634 2176 Emericus
661 2134 729 2189 [de
757 2134 898 2175 Peren
925 2146 1073 2175 comes
1099 2131 1356 2188 perpetuus]
1388 2131 1632 2174 comitatus
1654 2131 1848 2187 Abawy-

91 2219 133 2245 2⁷>
151 2205 394 2254 watiensis,
421 2205 546 2260 regni
573 2204 835 2260 Hungariae
861 2204 1090 2259 palatinus
1110 2207 1155 2245 et
1176 2202 1312 2244 iudex
1339 2203 1654 2245 Comanorum.
1682 2202 1849 2244 Amici-

151 2277 266 2319 tiam
292 2280 504 2332 paratam
530 2290 634 2318 cum
659 2276 842 2318 honore.
872 2274 1051 2317 Dicitur
1075 2273 1205 2315 nobis
1231 2273 1276 2314 in
1302 2287 1493 2328 persona
1518 2273 1770 2316 Generosae
1797 2287 1848 2315 ac

152 2347 419 2402 Magnificae
439 2347 651 2389 dominae
681 2346 962 2388 Katherinae
981 2345 1200 2387 consortis
1234 2344 1427 2386 Illustris
1458 2343 1630 2386 domini
1651 2344 1847 2386 Lauren-

153 2418 206 2460 tii
238 2417 364 2460 ducis
395 2418 451 2460 de
481 2418 661 2474 Wylak,
695 2417 924 2472 quodlicet
957 2415 1093 2471 [alias]
1135 2419 1335 2457 castrum
1367 2415 1603 2470 Kykellew
1632 2419 1850 2457 vocatum

154 2489 200 2530 in
245 2489 453 2544 partibus
497 2488 824 2545 Transylvanis
869 2487 914 2529 in
959 2486 1183 2529 comitatu
1227 2485 1282 2527 de
1328 2485 1595 2541 Kykewllev
1638 2485 1849 2528 habitum

102 2572 139 2599 30
154 2560 394 2601 simulcum
445 2559 633 2602 caeteris
685 2558 905 2600 universis
956 2556 1311 2613 possessionibus
1378 2555 1752 2611 portionibusque
1803 2560 1849 2598 et

155 2630 327 2672 iuribus
370 2630 743 2686 possessionariis,
790 2629 887 2671 aliis
931 2641 1111 2683 quoque
1155 2626 1432 2668 utilitatibus
1476 2631 1521 2668 et
1566 2626 1850 2682 pertinentiis

156 2701 501 2756 quibuscunque
546 2700 605 2743 ad
649 2700 768 2742 idem
813 2703 1012 2742 castrum
1057 2698 1111 2740 de
1155 2697 1249 2739 iure
1293 2697 1518 2752 pertinere
1562 2697 1847 2747 debentibus,

156 2785 427 2826 quocunque
458 2771 640 2814 nomine
673 2770 886 2813 vocitatis
918 2770 963 2811 in
995 2769 1140 2824 ipsam
1173 2768 1404 2810 dominam
1436 2772 1739 2823 exponentem
1772 2782 1851 2824 per

156 2847 350 2884 mortem
392 2846 438 2884 et
481 2842 714 2884 decessum
756 2841 948 2884 condam
992 2839 1218 2894 Magnifici
1257 2838 1480 2893 Johannis
1523 2839 1751 2893 Pongracz
1794 2838 1850 2881 de

99 2913 398 2968 135Dengeleg,
436 2913 650 2968 genitoris
689 2927 740 2954 ac
777 2911 977 2953 Mathiae
1014 2910 1219 2952 similiter
1256 2910 1484 2964 Pongracz
1521 2909 1674 2951 fratris
1710 2909 1850 2964 ipsius

158 2983 368 3025 dominae
394 2984 663 3038 exponentis
689 2982 855 3025 uterini
881 2982 926 3022 in
953 2981 1098 3036 ipsam
1125 2979 1357 3021 dominam
1383 2984 1687 3035 exponentem
1713 2979 1850 3022 titulo

159 3053 358 3109 pignoris
379 3053 510 3096 iuxta
530 3054 653 3108 regni
676 3052 1049 3095 consuetudinem
1071 3050 1203 3106 pleno
1225 3050 1319 3092 iure
1342 3050 1609 3092 devolutum
1630 3055 1675 3093 et
1698 3051 1851 3093 redac-

160 3128 260 3165 tum
277 3124 480 3166 extiterit
502 3138 511 3174 ;
530 3129 685 3166 tamen
703 3124 809 3166 olim
826 3122 1035 3164 dominus
1052 3121 1249 3163 Mathias
1266 3135 1344 3162 rex
1360 3121 1519 3163 statim
1536 3125 1639 3177 post
1656 3126 1851 3164 mortem

220 3223 324 3248 Fontes
344 3222 451 3248 Rerum
471 3222 750 3256 Transylvanicarum
772 3221 825 3247 IV.
1687 3209 1707 3244 6
