2209 3643
328 208 400 241 250
1025 199 1099 234 No.
1124 200 1323 243 206—207
1714 193 1788 247 [20.
1809 198 1898 243 Jan.
1924 208 2022 242 1535

1123 348 1221 389 206.

848 456 988 505 Wien,
1022 468 1089 497 20.
1122 456 1339 510 Januarii
1370 468 1497 510 1535.

448 548 736 586 Ferdinandus
760 547 791 585 I.
818 559 889 585 rex
913 546 1155 597 Hungariae
1178 546 1372 585 Ladislao
1395 547 1613 598 Drakulya
1637 547 1686 585 de
1707 546 1901 586 Semtest.

471 646 662 687 Donatio
703 645 908 687 bonorum
946 645 1141 699 Joannis
1180 645 1415 699 Szalcinczy
1453 650 1530 701 per
1567 650 1713 688 notam
1753 645 2023 697 infidelitatis

328 718 519 759 eiusdem
542 716 719 771 Egregio
743 716 950 757 Ladislao
974 716 1203 770 Drakulya
1227 717 1355 768 facta.
2059 729 2081 755 f>

471 824 603 864 Anno
638 822 822 864 Domini
858 832 982 876 1535.
1018 822 1219 864 Viennae
1252 822 1298 864 in
1331 823 1448 864 festo
1480 823 1719 864 beatorum
1753 821 1944 864 Fabiani
1977 826 2022 863 et

325 893 579 936 Sebastiani
609 893 848 935 martirum
878 893 1014 935 datae
1043 898 1149 935 sunt
1178 893 1357 935 litterae
1386 893 1445 935 ad
1473 893 1738 935 relationem
1769 892 2022 934 Reverendi

328 964 553 1007 Francisci
604 964 802 1020 Wylaky
851 964 1098 1019 praepositi
1149 964 1434 1006 Posoniensis
1484 969 1528 1006 et
1579 963 1805 1006 secretarii
1857 963 2024 1017 Regiae

328 1035 593 1084 Maiestatis,
615 1035 780 1090 quibus
798 1035 1106 1077 mediantibus
1126 1035 1267 1090 Regia
1285 1035 1499 1076 Maiestas
1517 1035 1638 1076 bona
1655 1034 1818 1077 nobilis
1833 1034 2024 1089 Joannis

327 1107 565 1161 Zalanczy,
594 1105 639 1147 in
666 1106 875 1161 partibus
901 1106 1025 1161 regni
1051 1105 1415 1148 Transsilvaniae
1442 1105 1487 1147 in
1515 1106 1860 1160 quibuscunque
1887 1104 2023 1146 comi·
2043 1129 2080 1155 10

328 1177 503 1219 tatibus
518 1176 692 1226 habita,
710 1177 769 1218 ad
784 1190 1023 1218 numerum
1040 1177 1234 1218 sedecim
1250 1177 1512 1218 colonorum
1528 1177 1600 1218 vel
1616 1176 1792 1218 circiter
1807 1189 1853 1218 se
1868 1179 2023 1217 exten-

328 1247 497 1297 dentia,
533 1260 650 1302 quae
683 1261 763 1302 per
796 1252 955 1289 notam
990 1247 1273 1290 infidelitatis
1306 1247 1521 1297 eiusdem,
1558 1247 1726 1302 quippe
1760 1246 1838 1302 qui
1871 1250 2024 1302 partes

328 1318 573 1360 adversarii
591 1318 707 1360 Suae
728 1318 997 1368 Maiestatis,
1016 1318 1208 1373 Joannis
1229 1319 1284 1360 de
1304 1318 1505 1373 Zapolya
1526 1323 1593 1359 est
1615 1322 1848 1373 sequutus,
1871 1316 2024 1359 simul—

328 1404 431 1431 cum
468 1388 643 1431 cunctis
678 1389 769 1431 suis
804 1389 1083 1431 utilitatibus
1118 1394 1163 1431 et
1199 1389 1484 1445 pertinentiis
1520 1388 1796 1444 quibuslibet
1833 1387 2024 1443 Egregio

329 1460 539 1502 Ladislao
557 1460 794 1515 Drakulya
812 1460 867 1502 de
882 1460 1169 1503 Semtheesth
1188 1474 1240 1502 ac
1257 1474 1336 1515 per
1354 1474 1457 1502 eum
1476 1460 1605 1502 fratri
1623 1459 1822 1501 eiusdem
1853 1457 2022 1513 Joanni
2042 1483 2076 1509 15

328 1531 618 1586 ipsorumque
649 1531 918 1573 haeredibus
949 1536 994 1573 et
1026 1531 1373 1586 posteritatibus
1404 1530 1624 1572 universis
1655 1530 1795 1579 dedit,
1829 1528 2019 1572 donavit

328 1607 372 1644 et
402 1601 610 1651 contulit,
641 1602 768 1643 salvo
796 1601 890 1643 iure
919 1602 1078 1645 alieno.

405 1697 539 1741 (Liber
553 1697 700 1742 Regius
716 1696 947 1742 Hungariae
961 1697 1038 1731 vol.
1056 1697 1086 1731 Ι.
1104 1698 1179 1731 No.
1197 1700 1282 1742 426.
1299 1697 1493 1742 Orszagos
1508 1696 1704 1737 Leveltar,
1716 1696 1951 1743 Budapest.)

1122 1835 1219 1877 207.

832 1945 1028 2001 Eperjes‚
1057 1958 1097 2000 9.
1130 1945 1362 1987 Februarii
1389 1955 1516 1998 1535.
2036 1967 2077 1994 20

393 2037 609 2077 Emericus
641 2037 764 2088 Nagy
796 2041 837 2076 et
871 2037 1072 2088 Georgius
1106 2036 1458 2075 Reichersdorffer
1490 2036 1756 2075 Ferdinando
1789 2036 1821 2075 I.
1856 2035 1952 2086 regi.

477 2138 636 2179 Versus
668 2137 724 2178 M
727 2137 943 2178 oldaviam
974 2150 1071 2177 cum
1095 2136 1183 2177 sint
1214 2136 1262 2177 in
1293 2136 1447 2184 reditu,
1480 2135 1664 2190 legatum
1699 2135 1755 2176 M
1758 2134 1952 2176 oldaviae
1995 2148 2021 2175 a

328 2223 417 2263 rege
433 2209 678 2249 redeuntem
694 2211 929 2262 expectant,
940 2221 988 2248 ac
1005 2207 1242 2248 secundum
1258 2211 1452 2248 eventum
1469 2220 1511 2248 se
1528 2211 1695 2248 acturos
1712 2220 1801 2247 esse
1817 2205 2018 2257 referunt.

473 2315 602 2356 Nach
641 2314 893 2369 Erpietung
931 2327 1064 2355 unser
1102 2313 1409 2368 gehorsamen,
1435 2312 1696 2366 schuldigen
1734 2311 1829 2353 und
1866 2310 2021 2366 pflich-

330 2386 452 2440 tigen
476 2385 709 2434 Diensten,
735 2385 877 2426 thuen
900 2384 980 2426 wir
1003 2385 1123 2426 Euer
1146 2385 1227 2426 Mt.
1245 2383 1403 2425 hiemit
1427 2383 1473 2425 in
1489 2383 1596 2424 aller
1619 2381 2020 2436 Unterthanigkeit
2036 2404 2076 2430 25

331 2470 385 2497 zu
415 2456 703 2504 vernehmen,
735 2455 817 2497 wie
847 2455 912 2497 als
947 2455 1026 2497 wir
1067 2455 1223 2510 jungst
1254 2469 1310 2496 zu
1339 2454 1468 2496 Wien
1499 2467 1590 2496 von
1620 2454 1740 2495 Euer
1771 2453 1828 2494 K.
1861 2453 1942 2494 Mt.
1975 2451 2021 2493 in

331 2526 472 2568 dieser
510 2526 912 2580 ffirgenummenen
952 2526 1170 2580 Legation
1210 2524 1494 2580 abgefertigt,
1534 2524 1635 2566 sind
1672 2523 1752 2565 wir
1788 2522 2022 2564 nochmals

330 2596 549 2651 gerichtes
579 2610 696 2650 Wegs
726 2596 798 2638 bei
830 2596 977 2638 Herrn
1008 2596 1186 2638 Thurzo
1218 2610 1273 2637 zu
1301 2595 1486 2650 Sempte
1516 2593 1788 2643 erschienen‚
1821 2593 2020 2634 daselbst

331 2681 377 2708 er
410 2680 495 2708 uns
530 2681 584 2708 zu
619 2667 843 2708 mehrerer
877 2667 1165 2721 Befiirdrung
1199 2680 1332 2708 unser
1363 2665 1537 2707 Sachen
1573 2664 1764 2718 anzeigt,
1800 2663 1882 2705 wie
1917 2663 2021 2704 dass

332 2737 401 2779 ein
451 2738 536 2778 Pot
585 2751 666 2779 aus
710 2737 788 2778 der
822 2738 1003 2779 Molden
1038 2752 1093 2778 zu
1129 2738 1250 2778 Euer
1284 2737 1366 2778 Mt.
1414 2735 1656 2777 verordent
1690 2733 1785 2775 und
1820 2733 2019 2775 daselbst
2036 2756 2074 2783 30

332 2821 413 2848 vor
432 2807 625 2849 etlichen
645 2808 796 2862 Tagen
811 2808 883 2849 bei
900 2808 1027 2849 Ihme
1047 2821 1261 2862 gewesen,
1278 2806 1373 2848 und
1393 2805 1563 2848 dieweil
1578 2804 1656 2846 wir
1674 2818 1765 2845 von
1786 2804 1905 2846 Euer
1936 2804 2017 2845 Mt.

333 2877 377 2918 in
393 2878 534 2919 dieser
547 2877 821 2919 merklichen
836 2878 1055 2932 Legation
1069 2891 1163 2919 nun
1179 2876 1463 2932 abgefertigt,
1478 2889 1571 2917 war
1584 2888 1669 2916 uns
1683 2874 1772 2915 fast
1787 2877 2020 2916 vonnoten

333 2948 569 2989 erstlichen
594 2947 824 2989 desselben
850 2949 993 2990 Poten
1017 2962 1108 2990 von
1132 2948 1210 2989 der
1233 2946 1413 2988 Molden
1438 2945 1742 2998 Handlungen
1766 2959 1821 2986 zu
1844 2944 2018 2993 wissen,

334 3017 476 3058 damit
499 3017 578 3058 wir
600 3018 716 3058 auch
738 3031 896 3060 unsere
916 3019 1090 3060 Sachen
1113 3017 1313 3059 darnach
1335 3016 1547 3058 moehten
1569 3015 1727 3056 wissen
1751 3029 1806 3056 zu
1828 3014 2016 3056 richten.

334 3087 506 3127 Darauf
536 3090 627 3128 war
656 3088 750 3128 sein
780 3089 942 3130 sonder
973 3089 1097 3130 Rath
1128 3088 1222 3129 und
1252 3086 1629 3134 Guetbedunken,
1661 3086 1765 3127 dass
1794 3084 1873 3127 wir
1902 3089 2018 3126 etwo
2036 3109 2073 3135 35

335 3156 495 3197 etliche
522 3156 616 3210 Tag
644 3157 878 3212 vollziigen
906 3162 1037 3199 niitzt
1079 3157 1252 3199 derselb
1281 3157 1367 3198 Pot
1395 3169 1485 3197 von
1514 3156 1633 3197 Euer
1661 3156 1742 3197 Mt.
1774 3154 2017 3197 absolviert
