2209 3643
157 540 204 570 15.
228 532 310 572 Junii

335 170 382 215 58
1100 161 1176 195 No.
1198 160 1246 205 48
1675 152 1750 207 [19.
1784 156 1887 192 Nov.
1923 167 2016 202 1501

336 298 460 353 quod
472 297 669 352 ipsorum
688 292 927 348 placuisset
954 288 1184 332 voluntati
1203 288 1413 330 fecissent
1437 292 1481 329 et
1497 300 1604 328 mox
1624 290 1726 342 post
1748 285 2021 328 vulneratio-

334 382 437 410 nem
463 364 720 408 huiusmodi
745 362 926 404 eosdem
941 360 1250 415 captivassent
1276 363 1320 400 et
1347 357 1585 400 nonnullos
1610 371 1666 398 ex
1691 357 1752 398 eis
1767 356 1924 398 eodem
1951 356 2021 398 die

335 439 389 480 de
416 435 698 492 captivitate,
726 432 908 488 propria
932 444 1088 472 eorum
1113 429 1352 472 voluntate
1378 428 1646 476 amisissent,
1673 431 1889 482 sequente
1915 441 2022 469 vero

333 509 416 556 die,
475 507 685 548 datarum
731 503 897 545 scilicet
957 500 1277 556 praesentium,
1342 512 1493 542 rursus
1552 498 1733 540 eosdem
1781 497 2022 539 familiares

331 592 434 620 suos
467 576 618 619 taliter
650 574 875 616 validatos
912 571 1220 627 captivassent
1254 574 1299 612 et
1333 574 1490 625 captos
1523 569 1787 611 tenuissent.
1823 569 1883 609 Et
1918 582 2021 609 cum
2056 581 2074 607 5

334 648 473 703 Regia
523 645 736 688 Maiestas
787 644 936 699 ipsum
987 641 1245 684 Emericum
1298 641 1468 683 Czobor
1518 644 1865 695 protestantem,
1918 652 2021 680 cum

332 717 557 761 nonnullis
593 715 845 771 potioribus
882 728 933 756 ac
970 713 1122 755 electis
1158 711 1455 754 familiaribus
1490 711 1582 753 suis
1618 724 1699 766 pro
1735 709 2022 764 exsequenda

332 789 552 844 legatione
576 786 712 828 huius
735 785 946 827 videlicet
970 783 1095 839 regni
1109 782 1370 837 Hungariae
1387 782 1433 824 in
1447 795 1709 824 succursum
1733 785 1778 822 et
1803 780 2021 822 defensio-

332 874 434 902 nem
481 857 751 900 christianae
797 855 1022 911 religionis
1068 854 1128 896 ad
1173 854 1321 909 ipsum
1366 852 1622 895 waivodam
1668 850 2022 893 Moldaviensem

333 929 614 986 praedictum
624 927 908 976 destinasset,
919 940 974 968 ex
989 925 1181 967 adverso
1195 929 1349 966 autem
1365 924 1611 979 imperator
1624 923 1872 965 Turcorum
1886 921 2022 963 modo
2037 933 2072 960 10

332 1001 463 1043 simili
477 999 690 1042 nuntium
704 1012 837 1040 suum
852 998 897 1039 in
906 996 1128 1052 legatione
1137 995 1196 1037 ad
1204 995 1397 1037 eundem
1405 994 1660 1036 waivodam
1669 992 2022 1035 Moldaviensem

333 1070 668 1119 transmisisset,
694 1069 845 1124 igitur,
876 1082 983 1110 casu
1011 1081 1102 1122 quo
1130 1066 1224 1122 ipse
1253 1065 1528 1121 praestando
1556 1064 1686 1107 celeri
1715 1077 1847 1106 cursu
1875 1063 2023 1118 ipsum

332 1142 544 1185 nuntium
582 1139 866 1196 imperatoris
910 1139 1159 1181 Turcorum
1197 1136 1458 1192 praevenire
1497 1140 1542 1178 et
1581 1135 1729 1191 ipsum
1766 1133 2024 1176 waivodam

333 1212 686 1256 Moldaviensem
714 1211 836 1253 adire
862 1215 907 1252 et
935 1209 1195 1257 accelerare,
1224 1222 1275 1250 ac
1302 1221 1357 1249 ex
1383 1221 1466 1249 sua
1490 1207 1709 1248 tarditate
1735 1205 1910 1247 ratione
1937 1204 2024 1246 dis-

333 1284 586 1326 cordiarum
608 1282 944 1338 praedictarum
968 1281 1013 1322 in
1036 1279 1223 1322 civitate
1246 1278 1454 1334 praefata
1476 1276 1756 1319 Waradiensi
1778 1280 2021 1325 motarum,
2037 1287 2073 1313 15

333 1369 461 1397 suam
503 1353 789 1409 legationem,
833 1352 990 1394 debito
1031 1356 1076 1393 et
1120 1354 1378 1405 opportuno
1420 1353 1623 1404 tempore
1665 1347 1750 1403 ipsi
1791 1346 2023 1389 waivodae

333 1424 631 1468 Moldaviensi
653 1428 759 1466 ante
781 1423 1033 1465 adventum
1054 1421 1204 1463 nuntii
1226 1419 1511 1475 imperatoris
1532 1420 1780 1461 Turcorum
1801 1417 2024 1472 explicare

334 1502 379 1539 et
417 1496 630 1552 perficere
667 1509 759 1536 non
796 1499 962 1550 posset,
1002 1498 1170 1535 extunc
1208 1505 1300 1533 non
1338 1490 1581 1546 tepiditate
1618 1489 1691 1532 vel
1727 1488 2024 1543 negligentiae

331 1582 454 1616 suae,
490 1567 569 1609 sed
603 1566 810 1621 praefato
845 1564 1045 1620 capitulo
1079 1562 1288 1605 ecclesiae
1323 1561 1627 1603 Waradiensis
1661 1559 1823 1601 merito
1857 1558 2023 1614 poterit

332 1637 560 1694 imputari.
602 1637 746 1692 Super
788 1635 1065 1691 quaquidem
1108 1633 1436 1690 protestatione
1479 1631 1726 1687 praemissa
1768 1634 2025 1685 praesentes
2039 1641 2076 1668 20

332 1710 506 1751 litetras
550 1712 727 1750 nostras
753 1706 1100 1763 protestatorias
1138 1704 1284 1747 eidem
1335 1703 1609 1760 protestanti
1660 1701 1872 1744 duximus
1921 1714 2024 1742 con-

332 1780 565 1822 cedendas.

477 1852 649 1892 Datum
682 1850 728 1891 in
759 1849 874 1890 festo
906 1849 1152 1890 Beatorum
1180 1846 1274 1888 Viti
1305 1851 1350 1888 et
1386 1844 1580 1887 Modesti
1612 1843 1862 1885 martirum.
1892 1843 2025 1884 Anno

333 1922 515 1964 Domini
538 1921 774 1963 Millesimo
798 1918 1158 1974 quingentesimo
1182 1917 1340 1973 primo.

476 2039 699 2085 (Originale.
729 2038 923 2083 Orszagos
949 2036 1146 2079 Leveltar,
1177 2036 1396 2081 Budapest.
1426 2034 1489 2068 Dl.
1520 2033 1655 2078 21478.
1677 2053 1728 2058 —
1746 2031 1886 2066 Edidit
1913 2032 2024 2066 «T'o'r-
2038 2031 2078 2058 25

332 2099 493 2133 te'nelmi
511 2100 607 2133 Tar»
632 2100 740 2141 1906.
764 2108 853 2144 pag.
882 2096 1107 2142 173—174.)

1127 2270 1197 2312 48.

676 2381 1117 2437 [Kolozsmonoston]
1150 2393 1218 2434 19.
1253 2378 1509 2420 Novembris
1542 2388 1667 2430 1501.

333 2473 574 2512 Conventus
621 2473 816 2512 ecclesiae
847 2473 898 2511 de
933 2471 1308 2510 Kolozsmonostor
1341 2481 1417 2520 pro
1460 2471 1581 2520 parte
1621 2466 1784 2506 Nicolai
1828 2464 2022 2505 Bethlen.

481 2585 720 2626 Vaivodam
745 2583 1016 2638 Stephanum
1043 2582 1164 2624 bonis
1179 2581 1211 2636 J
1214 2580 1373 2624 oannis
1387 2579 1555 2631 Dezso'fl
1569 2577 1740 2620 iniuria
1755 2576 1820 2618 uti
1833 2579 2021 2618 testatur.
2039 2586 2074 2612 30

480 2703 757 2744 Attestatoria
786 2707 916 2758 super
939 2716 997 2751 eo,
1023 2702 1135 2757 quod
1158 2700 1379 2742 directam
1402 2702 1447 2740 et
1471 2697 1707 2752 aequalem
1731 2695 2024 2737 medietatem

335 2773 545 2813 totalium
576 2773 836 2827 portionum
867 2771 1320 2828 possessionariarum
1352 2769 1545 2811 condam
1572 2766 1795 2822 Johannis
1825 2765 2026 2820 Desevfy

335 2843 531 2891 senioris
563 2844 617 2885 de
648 2844 847 2885 Losoncz
888 2843 1182 2898 praedictam,
1226 2841 1272 2882 in
1302 2839 1469 2895 oppido
1500 2838 1676 2891 Retheg
1705 2850 1757 2878 ac
1786 2835 2024 2890 possessio-

335 2913 467 2953 nibus
496 2913 676 2962 Felewr,
711 2914 987 2962 Kerezthwr‚
1021 2913 1199 2961 ledo,
1241 2910 1599 2962 Monosthorzeg,
1643 2907 1817 2955 Iloswa,
1859 2905 2025 2947 Zenth-

336 2983 589 3037 margytha,
620 2984 813 3038 Bogath,
841 2984 1089 3031 Somkwth,
1121 2983 1292 3024 Orman
1312 2985 1357 3022 et
1381 2980 1544 3027 Kerev,
1567 2978 1613 3019 in
1634 2975 2022 3025 Zolnokinteriori,
2039 2985 2076 3012 35

337 3065 388 3093 ac
410 3052 797 3107 Waydakamaras
828 3054 1016 3102 vocatis,
1038 3054 1084 3094 in
1105 3053 1160 3094 de
1189 3052 1331 3100 Colos‚
1365 3049 1462 3092 aliis
1493 3048 1631 3090 etiam
1663 3047 2024 3102 quibuscumque

337 3122 628 3163 comitatibus
648 3128 691 3164 et
716 3124 1068 3178 possessionibus
1092 3122 1463 3178 qualitercunque
1479 3118 1690 3161 vocitatis
1725 3117 2024 3159 existentibus
