2209 3643
257 218 327 254 172
1018 207 1094 242 No.
1119 217 1185 251 131
1641 204 1716 258 [17.
1737 210 1833 255 Julii
1857 212 1953 255 1538

261 339 426 393 quibus
472 337 832 393 praeposituram
879 335 1213 377 Demesiensem
1273 337 1516 391 possideat,
1577 337 1662 379 illis
1708 340 1919 382 exhibeat
1943 354 1952 390 ;

259 409 460 464 alioquin
484 409 613 449 iuxta
635 407 907 448 mandatum
921 407 1011 447 Vrae
1025 399 1106 447 Mtis
1120 419 1166 447 se
1182 406 1236 448 de
1251 407 1326 449 illa
1344 407 1658 462 praepositura
1677 410 1790 452 velle
1806 411 1954 465 dispo-

259 493 376 521 nere.
425 479 507 520 Est
554 478 664 518 haec
709 476 1024 531 praepositura
1069 477 1369 519 Demesiensis
1413 492 1492 533 per
1524 493 1827 533 praecessores
1860 482 1950 522 Vrae

258 544 339 591 Mtis
366 562 489 603 reges
516 548 561 589 in
589 547 1005 602 compensationem
1032 552 1283 589 castrorum
1311 549 1429 590 illius
1460 550 1670 591 ecclesiae
1710 551 1870 606 Rycho
1908 556 1953 593 et

258 620 410 668 Biche,
428 632 544 673 quae
559 632 641 673 pro
655 622 803 659 castro
819 618 1037 673 Chycho,1
1053 618 1178 673 quod
1192 619 1415 661 vaivodae
1430 620 1741 671 Moldaviensi,
1751 623 1767 648 2
1781 636 1836 664 ne
1851 627 1954 677 post
1994 636 2012 661 5

259 691 445 732 amissas
455 690 621 744 Kyllye
638 693 683 730 et
701 689 742 730 N
746 689 1063 730 eztheralba3a
1080 703 1245 731 corona
1262 690 1486 740 deficeret,
1498 692 1729 745 quondam
1747 693 1955 735 Michaeli

262 760 465 815 Emreffy
489 764 617 801 erant
642 759 828 801 donata.

402 831 574 880 Eudae,
601 843 666 872 12.
691 830 762 872 die
778 830 904 884 Julii.
927 830 1060 872 Anno
1081 831 1266 872 Domini
1288 832 1412 884 1528.

399 936 624 980 (Originale.
648 935 936 975 Staatsarchiv,
956 936 1082 969 VVien.
1106 936 1350 981 Hungarica.
1373 937 1513 971 Edidit
1531 949 1537 972 :
1553 938 1818 973 Monumenta
1833 939 1955 973 eccle-

260 995 425 1030 siastica
433 995 843 1041 temporainnovatae
858 995 897 1028 in
913 995 1123 1040 Hungaria
1137 995 1335 1040 religionis
1349 996 1594 1032 illustrantia
1606 998 1685 1031 vol.
1704 999 1734 1031 Ι.
1751 999 1952 1044 pag.392.)
1971 1000 2011 1027 10

1055 1158 1157 1200 131.

820 1269 964 1317 Euda,
1002 1280 1070 1322 17.
1108 1268 1232 1321 sulii
1266 1270 1394 1322 1528.

390 1360 703 1398 Locumtenens
736 1363 777 1397 et
811 1358 1036 1397 consiliarii
1069 1359 1338 1398 Ferdinando
1372 1360 1403 1399 I.
1439 1361 1524 1412 regi
1558 1362 1815 1413 Hungariae.

401 1458 536 1512 Quale
571 1463 828 1514 responsum
862 1458 1019 1499 nuntio
1043 1457 1292 1500 Moldavico
1317 1460 1374 1501 ad
1408 1473 1450 1501 se
1486 1462 1619 1503 misso
1653 1461 1848 1503 dandum
1883 1462 1953 1511 sit,

255 1530 450 1571 certiores
479 1545 521 1572 se
549 1530 669 1572 reddi
697 1534 859 1585 petunt.
1971 1545 2007 1571 15

402 1639 641 1680 Praeterea
675 1638 903 1680 redierunt
939 1640 1008 1682 his
1043 1641 1202 1682 diebus
1236 1639 1386 1681 nuntii
1419 1639 1662 1681 waiwodae
1697 1640 1954 1682 Moldaviae

257 1723 283 1750 a
306 1707 380 1750 M‘e
403 1710 475 1750 Vra
500 1709 625 1751 Serma
661 1710 1007 1765 attuleruntque
1052 1711 1183 1753 nobis
1229 1711 1405 1752 litteras
1452 1711 1822 1760 credentionales,
1860 1712 1954 1753 sine

256 1780 412 1834 sigillo,
467 1780 649 1822 nomine
703 1781 989 1823 Celsitudinis
1029 1783 1119 1824 Vs³¹e
1161 1782 1328 1836 Regiae
1374 1781 1432 1822 ad
1473 1781 1708 1823 dominum
1754 1782 1953 1837 ipsorum

258 1865 360 1892 cum
388 1851 551 1893 nuntio
589 1851 852 1901 mittendas,
894 1853 1017 1906 quod
1055 1854 1157 1895 licet
1198 1853 1282 1908 ipsi
1320 1852 1469 1894 nuntii
1520 1851 1624 1893 Mtem
1663 1853 1763 1894 me
1797 1853 1953 1895 Sermam

258 1922 497 1963 mandasse
520 1927 782 1964 constanter
804 1923 1083 1966 affirmarent
1107 1929 1151 1966 et
1174 1938 1255 1966 nos
1277 1924 1349 1965 vel
1371 1937 1423 1965 eo
1437 1928 1705 1978 argumento
1719 1924 1953 1966 coniicere-
1968 1935 2007 1961 20

259 2006 373 2042 mus,
401 1993 523 2047 quod
548 1994 672 2035 locus
698 2007 724 2034 a
749 1994 986 2036 scribendo
1010 1995 1182 2037 nomini
1206 1995 1355 2036 nuntii
1380 1994 1593 2036 mittendi
1618 1995 1800 2037 relictus
1825 1999 1920 2036 erat
1943 2009 1951 2045 ;

258 2067 412 2105 tamen
439 2064 655 2118 quoniam
682 2064 895 2106 Maiestas
928 2066 1000 2107 Vm
1022 2067 1148 2108 Serma
1175 2080 1256 2108 nec
1295 2066 1349 2107 de
1387 2079 1601 2120 responso
1639 2066 1746 2121 ipsis
1783 2066 1955 2107 nuntiis

257 2134 499 2176 waiwodae
529 2135 785 2177 Moldaviae
816 2135 939 2186 dato,
962 2151 1044 2179 nec
1074 2137 1129 2179 de
1158 2150 1351 2192 persona
1380 2136 1529 2178 nuntii
1559 2137 1785 2186 mittendi,
1818 2137 1953 2178 infor—

259 2205 548 2260 mationeque
575 2206 637 2247 illi
664 2206 830 2255 danda,
860 2207 1105 2262 quicquam
1133 2208 1191 2249 ad
1218 2221 1299 2249 nos
1325 2207 1503 2262 scripsit
1530 2207 1952 2262 impraesentiarum

258 2276 632 2330 superedendum,
662 2282 706 2319 et
740 2277 916 2319 litteras
949 2293 976 2320 a
1009 2276 1083 2320 Mte
1105 2279 1176 2320 Vra
1195 2279 1320 2321 Serma
1354 2279 1661 2333 expectandas
1683 2278 1950 2320 censuimus.
1966 2289 2006 2315 25

259 2346 407 2400 Quare
431 2348 738 2402 supplicamus
763 2348 1027 2390 Celsitudini
1051 2351 1140 2391 Vrae
1167 2350 1346 2405 Regiae,
1385 2350 1595 2404 dignetur
1629 2349 1759 2391 nobis
1795 2363 1952 2404 quarn-

258 2417 454 2471 primum
486 2418 736 2472 significare
768 2424 812 2460 et
846 2433 981 2474 quem
1013 2421 1208 2471 mittere,
1243 2425 1287 2463 et
1320 2434 1458 2475 quam
1491 2420 1858 2462 informationem
1890 2420 1952 2461 illi

258 2487 366 2529 dare
389 2488 648 2538 debeamus,
674 2503 726 2531 ac
749 2490 902 2539 etiam,
928 2492 1051 2546 quod
1073 2505 1338 2547 responsum
1362 2491 1494 2533 dictis
1516 2491 1688 2533 nuntiis
1709 2490 1952 2533 waiwodae

259 2558 515 2601 Moldaviae
545 2559 718 2602 dederit
741 2574 750 2610 ;
782 2561 851 2602 his
880 2562 999 2603 enim
1030 2562 1270 2604 intellectis
1300 2562 1580 2604 commodius
1608 2562 1840 2617 negotium
1870 2574 1952 2616 pro

258 2629 497 2671 voluntate
529 2624 610 2671 Mtis
642 2631 731 2672 Vrae
760 2631 904 2673 Sermae
936 2633 1146 2688 expedire
1177 2633 1439 2689 poterimus,
1965 2642 2003 2668 ³0

402 2700 575 2750 Eudae,
605 2713 671 2755 17,
701 2701 771 2742 die
793 2702 917 2756 Julii.
945 2704 1079 2746 Anno
1104 2704 1288 2746 Domini
1316 2704 1439 2757 1528.

600 2805 825 2850 (Originale.
858 2808 1145 2846 Staatsarcfflv,
1181 2809 1306 2842 Wien.
1342 2807 1599 2851 Hungarica.)

400 2979 411 2998 ¹
432 2979 642 3015 Mendose:
677 2982 826 3027 Tycho.
891 2983 905 3004 2
918 2983 1102 3018 Vaivoda
1115 2984 1353 3029 Stephanus
1418 2980 1434 3003 3
1453 2983 1624 3017 Amissio
1638 2984 1781 3017 harum
1796 2984 1949 3018 arcium

258 3035 337 3070 fuit
369 3038 476 3082 1484.
