2209 3643
190 210 249 245 27.
272 200 367 245 Apr.
393 192 502 247 1531]
950 194 1024 228 No.
1050 194 1120 227 186
1811 198 1883 233 225

189 329 389 372 civitatis
412 328 513 370 fuit.
539 328 664 369 Haec
688 326 839 367 omnia
863 338 917 366 ex
940 324 1128 366 civitate
1151 323 1212 365 eis
1235 327 1302 365 est
1326 321 1603 363 intimatum.
1626 319 1741 362 Sunt
1765 319 1883 360 enim

188 401 440 456 proditores
462 399 507 440 in
529 398 730 446 civitate,
755 396 831 451 qui
854 395 1005 436 omnia
1027 395 1138 437 dant
1162 393 1352 435 inimicis
1374 392 1634 446 intelligere.
1659 391 1882 432 Dixerunt

189 476 233 514 et
259 471 379 513 solus
404 469 637 525 Nadasdy,
663 472 713 510 ut
739 467 913 522 equites
938 471 1085 507 essent
1112 466 1222 507 LIII
1249 470 1293 507 et
1319 464 1494 519 pedites
1520 463 1565 504 II
1593 463 1638 511 C,
1665 475 1778 517 quos
1803 475 1884 516 pro

189 542 342 584 nichili
377 541 461 597 ipsi
499 544 777 596 reputarent.
813 537 1031 586 Tandem,
1057 537 1179 591 quod
1209 536 1336 592 peius
1363 534 1497 576 michi
1532 535 1648 576 inter
1670 533 1758 574 alia
1791 546 1884 574 esse

156 629 173 654 5
190 613 385 663 videtur,
410 616 461 654 ut
489 611 599 654 dicit
627 610 738 652 feria
765 608 901 652 tertia
928 608 1131 663 proxime
1159 606 1404 663 praeterita
1432 606 1568 647 iudex
1595 604 1741 659 regius
1768 603 1884 645 illius

135 984 168 1010 10

136 1339 170 1364 15

136 2403 170 2429 30

190 684 391 726 civitatis
422 683 615 725 misisset
648 682 707 723 ad
739 681 942 722 inimicos
974 693 1136 734 rogans
1168 693 1256 728 eos,
1290 683 1341 719 ut
1374 681 1600 719 cessarent
1633 690 1660 717 a
1691 674 1883 730 sagittis,

189 755 303 797 velle
327 769 430 797 cum
452 753 544 795 suis
569 752 788 795 fratribus
812 749 956 806 loqui1
982 755 1026 792 et
1051 750 1268 792 hodierna
1293 749 1364 791 die
1390 748 1496 803 ipsis
1520 761 1784 802 responsum
1808 746 1886 787 bo-

189 840 298 868 nurn
324 826 432 867 dare
456 825 583 867 velle.
612 823 806 865 Domine
832 818 1235 870 Reverendissime‚
1281 819 1547 861 Vincentius
1571 818 1657 860 fuit
1683 817 1885 873 proxime

188 897 327 939 etiam
348 896 432 938 sub
453 900 656 951 tempore
678 894 924 937 obsidionis
945 896 990 937 in
1012 893 1199 935 civitate
1220 892 1405 947 ipseque
1426 890 1556 939 dixit,
1580 894 1630 931 ut
1653 888 1884 944 cognovis-

188 973 255 1010 set
280 968 482 1022 aliquam
507 966 820 1008 dissessionem
845 967 918 1008 vel
942 964 1203 1008 inunionem
1228 963 1345 1004 inter
1369 961 1661 1003 civitatenses
1685 964 1730 1002 et
1756 959 1884 1001 fami-

187 1039 318 1081 liares
352 1039 435 1081 Do.
472 1038 736 1080 Vestrarum
771 1036 971 1093 dicitque
1004 1035 1139 1078 michi
1173 1035 1316 1082 Bako,
1352 1037 1402 1074 ut
1436 1033 1534 1074 leve
1567 1036 1682 1073 esset
1716 1031 1885 1073 intrare

187 1110 423 1152 civitatem
446 1123 455 1159 ;
482 1123 564 1164 pro
589 1122 641 1150 eo
666 1108 789 1150 volui
816 1108 900 1151 Do.
939 1102 1017 1150 Vris
1054 1107 1141 1148 ista
1166 1105 1431 1159 significare,
1458 1107 1509 1145 ut
1537 1116 1691 1145 curam
1717 1103 1772 1144 de
1799 1101 1884 1142 illis

187 1180 463 1237 pauperibus
483 1179 780 1221 familiaribus
802 1180 884 1221 Do.
913 1180 1177 1221 Vestrarum
1204 1174 1552 1217 Dominationes
1565 1175 1653 1215 Vrae
1668 1173 1881 1222 habeant,

187 1266 242 1294 ne
257 1256 457 1308 pereant.
475 1251 605 1307 Quia,
616 1250 651 1292 si
667 1264 742 1292 eos
750 1250 939 1306 aliquiffs]
951 1264 1041 1292 non
1050 1246 1373 1291 confortaverit
1382 1246 1454 1287 vel
1469 1245 1513 1286 in
1528 1245 1779 1287 subsidium
1792 1258 1883 1285 non

189 1323 336 1373 iverit,
354 1322 609 1365 timendum
626 1322 790 1371 erit‚ne
807 1321 1096 1363 civitatenses
1113 1323 1270 1361 contra
1285 1317 1382 1359 illos
1398 1317 1647 1371 insurgant.
1667 1315 1883 1357 Domina—

189 1394 334 1436 tiones
380 1394 470 1435 Vrae
505 1393 790 1442 concludent,
834 1392 945 1447 quid
988 1390 1152 1433 tacturi
1187 1389 1306 1431 estis.
1345 1389 1442 1442 Ego
1476 1391 1613 1443 caput
1649 1400 1800 1428 meum
1836 1386 1881 1427 in

188 1465 341 1507 nichili
380 1465 625 1514 retraham,
654 1463 691 1505 si
718 1463 1041 1519 temptandum
1069 1461 1153 1503 erit
1194 1461 1376 1509 intrare,
1405 1458 1545 1500 etiam
1578 1472 1670 1500 non
1698 1461 1882 1513 postpo-

188 1550 310 1586 nam,
348 1535 599 1578 dummodo
635 1539 790 1576 tantos
825 1535 968 1576 bonos
999 1534 1119 1575 viros
1154 1546 1245 1573 non
1281 1529 1560 1585 relinquatis.
1600 1529 1719 1571 Hinc
1756 1532 1882 1570 totus

188 1607 385 1649 mundus
419 1611 464 1648 et
500 1605 737 1648 Barcensis
772 1605 962 1660 quilibet
997 1605 1056 1646 ad
1089 1617 1171 1645 sua
1196 1606 1344 1644 castra
1378 1600 1555 1655 aufugit
1591 1614 1697 1655 prae
1720 1599 1883 1641 timore

134 1694 150 1720 2
188 1679 451 1720 Turcarum.
487 1678 733 1732 Propterea
764 1676 868 1718 veni
900 1676 959 1718 ad
989 1676 1072 1717 has
1103 1678 1256 1730 partes
1287 1677 1331 1714 et
1364 1686 1449 1721 me,
1478 1675 1703 1726 quantum
1735 1669 1880 1726 potui,

188 1748 470 1804 congregavi,
501 1748 639 1790 nichil
671 1752 827 1790 tamen
863 1746 1084 1789 hactenus
1112 1744 1207 1787 veri
1227 1743 1418 1786 scribere
1452 1756 1650 1797 possum,
1675 1742 1880 1790 veniunt,

188 1834 340 1862 necne.
380 1821 479 1862 Hoc
516 1819 627 1861 mihi
663 1818 926 1860 intimatum
963 1817 1049 1859 tuit
1080 1830 1159 1872 per
1185 1815 1440 1858 waivodam
1460 1813 1883 1868 Transalpinensem

189 1895 296 1933 ante
320 1895 412 1933 tres
436 1890 729 1947 septimanas,
756 1893 807 1931 ut
833 1889 927 1944 ipse
952 1893 996 1930 et
1022 1886 1287 1930 Mahameth
1312 1899 1416 1927 suos
1440 1884 1709 1940 sollempnes
1734 1888 1882 1926 orato-

191 1976 260 2004 res
292 1962 461 2005 vellent
496 1961 678 2003 mittere
712 1960 771 2002 ad
801 1960 1073 2015 Johannem‚
1108 1972 1164 2000 ne
1198 1958 1315 1999 forte
1349 1956 1411 1998 illi
1444 1955 1682 2005 venirent;
1717 1954 1881 1996 nescio.

133 2049 149 2074 2
187 2033 475 2075 Vocaverant
501 2032 641 2075 etiam
666 2031 930 2074 Michaelem
956 2031 1180 2085 Berkessy
1205 2028 1323 2078 illuc,
1350 2032 1402 2070 ut
1428 2026 1663 2068 mitterent
1695 2040 1798 2067 eum
1824 2026 1883 2067 ad

190 2103 429 2154 Cibinium‚
462 2108 514 2146 ut
547 2103 665 2145 inter
696 2102 1072 2144 communitatem
1104 2099 1344 2142 seminaret
1377 2098 1516 2141 verba
1547 2111 1629 2152 pro
1657 2097 1880 2151 Johanne,

188 2175 575 2230 quemadmodum
609 2174 731 2216 soliti
764 2177 884 2215 sunt.
921 2173 1092 2214 Tamen
1126 2171 1221 2226 ipse
1255 2170 1477 2225 Berkessy
1510 2169 1634 2210 nullo
1667 2168 1803 2210 modo
1837 2167 1884 2209 id

188 2247 335 2289 facere
354 2246 516 2296 voluit,
539 2245 619 2288 sed
638 2246 804 2287 iterum
838 2244 1024 2286 domum
1058 2242 1157 2284 ivit.
1192 2240 1538 2283 Dominationes
1571 2241 1674 2281 Vraes
1710 2239 1882 2295 optime

187 2317 338 2359 valere
359 2321 586 2372 optamus.

334 2388 405 2430 Ex
427 2388 554 2444 Gryd
575 2387 686 2430 feria
707 2386 869 2442 quinta
889 2389 1022 2427 nocte
1044 2388 1146 2440 post
1170 2384 1337 2425 festum
1359 2382 1491 2424 Beati
1513 2381 1690 2436 Georgii
1712 2385 1883 2436 marty—

188 2459 260 2501 ris.
300 2459 433 2501 Anno
470 2459 655 2501 Domini
694 2468 818 2511 1531.

1288 2524 1547 2579 Stephanus
1579 2522 1763 2579 Maylad
1794 2527 1880 2565 etc.

327 2655 593 2694 Intitulatzb:
626 2652 992 2693 Reverendissimo
1024 2650 1259 2701 Magnifico,
1293 2648 1493 2700 Egregiis,
1526 2648 1807 2701 prudentibus
1840 2652 1881 2687 et

189 2714 503 2766 circumspectis
525 2713 706 2753 dominis
728 2712 903 2752 Nicolao
926 2712 977 2750 de
1000 2710 1165 2750 Gerend
1188 2709 1384 2761 episcopo
1406 2712 1448 2747 et
1472 2707 1733 2747 thesaurario
1755 2708 1882 2758 regio,

137 2779 173 2805 35
190 2775 379 2826 Gasparo
402 2774 609 2813 Horwath
633 2778 711 2812 etc.
738 2771 996 2822 caeterisque
1020 2768 1200 2808 dominis
1234 2768 1385 2808 Cibinii
1420 2767 1711 2807 existentibus
1737 2767 1881 2806 Domi-

190 2833 254 2871 nis
287 2837 328 2872 et
363 2833 508 2873 amicis
540 2832 808 2872 honorandis,

270 2929 602 2975 (Autographum.
625 2928 844 2963 Archjvum
866 2925 1042 2961 civitatis
1067 2924 1339 2969 Nagyszeben.
1371 2924 1463 2958 Alte
1492 2923 1577 2958 coll.
1606 2923 1680 2957 No.
1711 2923 1813 2968 325.)

335 3086 350 3107 1
382 3083 431 3117 In
462 3083 667 3128 originali:
701 3083 873 3128 loquere.

258 3267 364 3294 Fontes
384 3268 489 3294 Rerum
509 3268 789 3302 Transylvanicasum
810 3267 864 3295 I'V.
1701 3265 1737 3299 ¹5

1910 622 1960 653 25·
1978 613 2056 654 Apr.
