2209 3643
294 212 366 246 132
1075 198 1148 234 No.
1171 202 1218 240 96
1654 193 1733 247 {29
1756 199 1866 244 Junii
1889 209 1987 244 1524

296 335 501 385 tempore
523 331 674 371 forsan
697 329 762 370 ita
784 327 1003 369 suadente
1024 341 1115 368 non
1138 340 1267 381 aegre
1301 327 1415 368 serre
1450 327 1767 376 dissimulavit,
1790 341 1989 382 moxque

295 406 518 443 oratorem
549 413 651 441 cum
683 399 785 440 CCC
827 398 1056 452 equitibus
1097 397 1362 439 Valachiam
1406 398 1619 447 destinat,
1652 398 1711 440 ad
1740 398 1989 453 principem

294 485 447 514 recens
474 471 668 512 electum
696 468 888 523 insignia
914 468 1196 523 principatus
1222 468 1382 518 mittit,
1412 468 1589 510 clavam
1616 469 1820 518 terream,
1849 469 1989 510 vexil-

294 544 402 592 lum,
427 555 517 596 quo
539 541 585 581 in
607 539 725 580 bello
747 552 902 580 omnes
924 540 1155 594 praefecti,
1180 552 1293 594 quos
1315 539 1487 581 Turcae
1506 539 1781 594 Sangiachos
1803 543 1986 588 vocant,

294 613 361 654 uti
391 612 550 661 solent,
582 611 667 651 hoc
697 624 752 651 ex
782 610 928 651 cauda
957 610 1122 665 equina
1152 611 1409 652 confectum
1439 615 1521 660 est,
1553 616 1787 666 praeterea
1815 610 1989 665 insigne
2026 622 2047 648 ιεῚ

294 682 524 738 quoddam
568 681 730 736 capitis
772 694 908 723 aureo
951 681 1041 731 filo,
1085 682 1211 723 velut
1256 680 1466 722 diadema
1509 682 1855 724 circumdatum.
1902 681 1989 723 Hic

293 758 537 810 postquam
571 751 836 795 Valachiam
869 752 1011 801 venit,
1046 765 1073 793 a
1105 751 1330 794 voievoda
1362 753 1605 795 honorifice
1639 752 1875 808 excipitur,
1910 752 1990 794 sed

294 826 402 867 dum
420 825 465 866 in
484 829 729 879 conspectu
746 825 1018 878 regulorum,
1038 823 1286 879 plebisque,
1305 823 1435 878 fingit
1467 823 1640 880 insigne
1658 823 1797 880 capiti
1815 827 1989 879 aptare,

295 898 473 939 clavam
496 897 686 938 ferream
711 894 850 950 capiti
873 895 1098 950 impingit,
1124 909 1175 937 ac
1198 894 1486 945 voievodam‚
1502 900 1637 950 prout
1661 909 1688 937 a
1709 909 1810 950 rege
1824 895 1990 937 Turca-

293 982 393 1010 rum
427 968 699 1009 mandatum
733 969 897 1016 fuerat,
932 966 1160 1009 interficit.
1197 967 1371 1009 Caeteri
1405 980 1512 1009 vero
1546 967 1721 1022 equites
1754 967 1991 1022 plerosque
2007 975 2046 1001 10

293 1054 347 1080 ex
372 1039 535 1094 regulis
560 1039 755 1094 aggressi
779 1037 1002 1093 iugulant,
1028 1038 1245 1092 equisque
1270 1037 1522 1080 conscensis
1545 1038 1669 1080 nullo
1693 1043 1989 1093 repugnante,

296 1111 547 1159 castellum,
574 1111 697 1165 quod
721 1110 766 1151 in
790 1109 898 1164 ripis
923 1109 1125 1151 Danubii
1160 1110 1299 1151 situm
1325 1109 1430 1159 est‚4
1454 1109 1684 1164 petierunt
1706 1123 1714 1159 ;
1741 1108 1863 1163 quod
1887 1114 1990 1164 post

294 1186 486 1224 mortem
520 1181 724 1236 Draguli‚
759 1180 948 1222 Valachi
981 1181 1137 1222 Turcis
1170 1180 1415 1234 vectigales
1449 1181 1559 1223 facti
1592 1180 1891 1222 tradiderunt.
1931 1180 1991 1222 Iis

294 1253 462 1295 auditis
490 1252 676 1295 advolat
701 1251 1006 1307 Scepusiensis
1032 1265 1194 1301 comes,
1223 1252 1504 1307 provinciam
1531 1252 1733 1306 suscipit,
1762 1251 1991 1293 communi

294 1328 440 1366 marte
475 1337 713 1366 commune
747 1323 996 1378 periculum
1031 1324 1392 1378 propulsaturus.
1430 1324 1564 1373 Nam,
1588 1323 1625 1364 si
1650 1323 1822 1365 Turcae
1856 1323 1895 1363 V
1899 1322 1989 1364 ala·
2007 1329 2049 1356 15*

294 1396 441 1437 chiam
473 1395 810 1450 occupaverint,
844 1398 998 1436 actum
1029 1395 1112 1436 erit
1144 1394 1199 1436 de
1229 1398 1331 1436 tota
1360 1394 1705 1450 Transylvania,
1738 1395 1864 1436 cuius
1895 1394 1990 1449 ipse

293 1479 530 1521 supremus
561 1470 630 1508 est
662 1466 905 1521 princeps.5

439 1538 678 1580 Caeterum
707 1538 958 1579 Turcarum
988 1550 1066 1578 rex
1095 1540 1221 1578 metu
1252 1536 1518 1578 defectionis
1544 1536 1740 1591 Aegypti
1769 1536 1991 1578 liberatus

294 1609 629 1663 expeditionem
644 1608 690 1650 in
704 1609 928 1650 Valachos
949 1611 1081 1662 parat
1099 1621 1107 1657 ;
1131 1620 1234 1662 qu0‚
1256 1608 1293 1650 si
1313 1622 1391 1649 rex
1413 1609 1642 1663 profectus
1662 1607 1811 1656 fuerit,
1834 1612 1989 1649 actum

294 1694 388 1722 esse
414 1694 504 1721 non
532 1680 678 1721 solum
705 1680 760 1721 de
787 1678 998 1721 Valachis
1026 1678 1392 1733 Moldovitisque,
1422 1693 1534 1734 quos
1561 1679 1710 1720 Dacos
1737 1678 1990 1733 appellatos
2003 1683 2047 1710 2⁰1

294 1751 498 1806 superius
540 1750 648 1800 dixi,
692 1751 770 1792 sed
812 1749 1084 1806 procedente
1125 1755 1329 1805 tempore
1371 1750 1426 1792 de
1468 1749 1674 1804 Ungaris‚
1719 1749 1989 1804 Polonisque

296 1823 496 1877 plerique
523 1822 818 1871 arbitrantur,
846 1823 1014 1878 quippe
1041 1835 1143 1863 cum
1170 1822 1315 1864 nullos
1342 1820 1465 1876 apud
1491 1822 1697 1875 Ungaros
1724 1826 1986 1875 apparatus,

297 1894 464 1948 quibus
496 1897 629 1935 tanto
661 1893 852 1949 principi
883 1894 1157 1941 resisterent,
1191 1897 1394 1935 cernant.
1425 1891 1471 1933 Si
1501 1906 1608 1934 vero
1640 1892 1901 1946 quempiam
1933 1905 1988 1933 ex

293 1965 385 2007 suis
406 1964 592 2014 miserit,
611 1965 934 2020 Transylvanis
952 1963 1210 2006 volentibus
1227 1962 1579 2018 Moldovitisque
1597 1962 1655 2004 ad
1673 1963 1718 2004 id
1737 1962 1988 2005 accedenti-

296 2036 395 2085 bus,
422 2036 467 2077 in
494 2035 672 2091 fideque
697 2035 909 2077 Valachis
934 2035 1238 2084 manentibus,
1264 2049 1358 2077 rem
1383 2048 1473 2076 non
1499 2048 1551 2076 eo
1577 2033 1759 2089 periculi
1785 2036 1988 2077 futuram
2002 2037 2045 2064 2⁵*

297 2107 576 2149 existimant.

439 2177 523 2219 Die
547 2177 726 2219 XXIX.
749 2177 876 2231 Junii
898 2177 957 2219 M.
983 2177 1037 2218 D.
1064 2177 1272 2218 XXIIII.
1301 2176 1501 2231 Ragusii.

299 2273 511 2319 (Originale
519 2273 628 2319 typis
643 2272 884 2308 excussum.⁶
892 2273 1142 2307 Bibliotheca
1157 2273 1314 2307 comitis
1330 2272 1547 2306 Alexandri
1556 2272 1754 2318 Apponyi,
1763 2272 1775 2292 ⁷
1785 2272 1986 2317 Lengyel.)

442 2414 455 2433 ‘¹
485 2414 531 2448 Id
561 2417 621 2448 est
650 2414 826 2459 Giurgiu.
974 2413 987 2434 ⁵
1014 2414 1151 2458 Usque
1182 2414 1233 2448 ad
1265 2415 1373 2448 hunc
1404 2413 1536 2448 locum
1568 2413 1643 2447 Del
1674 2412 1827 2448 Chiaro.

440 2472 454 2493 ⁶
490 2473 647 2508 Titulus
666 2473 787 2507 libelli
806 2473 923 2508 huius
960 2473 1148 2508 rarissimi
1185 2476 1271 2508 est:
1311 2473 1494 2518 Epistola
1529 2472 1732 2507 Michaelis
1781 2467 1989 2517 Bocignoli
2003 2485 2049 2512 30*

298 2531 471 2576 Ragusei
498 2533 548 2566 ad
589 2532 809 2566 Gerardum
838 2532 1019 2566 Planiam
1050 2532 1265 2566 Caesareae
1291 2532 1515 2566 Maiestatis
1542 2531 1810 2571 secretarium,
1840 2531 1881 2565 in
1909 2542 1990 2577 qua

297 2590 461 2634 exponit
488 2601 627 2625 causas
667 2591 890 2625 rebellionis
916 2591 1082 2625 Axmati
1108 2602 1132 2625 a
1157 2591 1372 2636 Solymano
1410 2590 1629 2624 Turcarum
1668 2589 1918 2635 imperatore,
1949 2593 1990 2624 et

297 2658 376 2693 quo
401 2651 521 2693 pacto
546 2649 711 2684 Axmati
736 2649 899 2684 consilia
924 2660 1112 2695 oppressa
1137 2649 1287 2684 fuerint
1313 2660 1403 2683 cum
1430 2649 1553 2694 ipsius
1578 2649 1755 2689 interitu,
1783 2651 1989 2694 praeterea

298 2709 344 2741 ut
358 2707 594 2752 Solymanus
611 2708 727 2742 rebus
744 2708 861 2753 Cayri
877 2708 1118 2754 compositis,
1138 2708 1433 2754 expeditionem
1451 2708 1491 2741 in
1507 2707 1740 2742 Valachiam
1757 2707 1986 2751 susceperit.

298 2765 418 2800 Cuius
436 2776 531 2800 sane
549 2767 776 2811 provinciae
802 2767 913 2807 situs,
947 2767 1182 2812 amplitudo,
1214 2767 1409 2807 fertilitas,
1431 2766 1638 2800 hominum
1657 2776 1795 2805 mores,
1816 2765 1985 2809 ingenia,
2000 2767 2049 2794 35-

299 2824 576 2869 quaedamque
611 2825 688 2859 alia
724 2826 1003 2861 describuntur
1039 2826 1264 2871 gratissima
1300 2826 1437 2860 futura
1472 2825 1544 2865 his,
1583 2824 1651 2870 qui
1687 2826 1985 2868 strategemata,

299 2882 420 2922 dolos,
442 2885 482 2917 et
500 2883 653 2917 variam
672 2884 876 2918 fortunam
894 2879 1190 2934 max[imorum]
1218 2884 1443 2930 principum
1461 2883 1559 2917 scire
1572 2882 1751 2927 cupiunt.
1772 2882 1989 2917 Adduntur

300 2950 458 2985 quoque
487 2942 828 2986 praefecturarum
858 2943 1114 2978 Turcicarum
1144 2946 1185 2978 et
1215 2942 1487 2988 quorundam⁸
1531 2941 1825 2987 provinciarum
1856 2951 1987 2975 recen-

300 2998 403 3032 tiora
425 3000 597 3034 nomina.

446 3057 458 3076 ⁷
484 3058 561 3091 Csr.
589 3058 686 3092 Graf
710 3059 936 3094 Alexander
954 3060 1166 3105 Apponyi:
1194 3059 1437 3104 Hungarica.
1466 3059 1629 3103 Ungarn
1650 3058 1910 3098 betresfende,
1932 3058 1987 3092 im
2001 3072 2049 3098 40vv

301 3114 502 3148 Auslande
534 3117 750 3159 gedruckte
782 3117 939 3152 Bucher
971 3119 1053 3152 und
1086 3118 1378 3163 Flugschriften
1410 3117 1488 3151 vol.
1527 3127 1558 3150 1.
1597 3116 1820 3161 (Munchen‚
1860 3117 1984 3161 1903.)

300 3182 389 3216 pag.
420 3173 627 3217 148—149.
779 3176 792 3195 ⁸
815 3176 1014 3217 Mendose,
1040 3177 1151 3211 loco:
1178 3176 1440 3222 quarundam.
