2209 3643
216 225 275 250 22.
298 215 388 250 Oet.
415 210 526 265 1529]
973 213 1047 247 No.
1075 223 1145 257 159
1838 221 1908 253 199

215 347 436 402 suppetiis
474 349 752 394 succuratm,
794 345 851 386 ad
890 344 1102 386 ultimum
1142 344 1197 386 de
1235 344 1365 386 nobis
1404 348 1558 385 actum
1597 343 1696 393 erit,
1735 343 1911 398 hocque

215 418 366 460 nobile
405 431 592 472 regnum
633 430 725 458 una
765 415 1000 457 nobiscum
1042 416 1086 456 in
1128 429 1290 457 manus
1330 415 1579 456 Turcarum
1621 414 1844 456 deveniet.

361 489 431 530 Ex
454 488 562 530 villa
585 487 815 536 Doborka,
838 486 1041 528 Sabbato
1063 491 1165 541 post
1191 487 1389 528 Mathaei
1416 496 1539 540 1529.

355 581 686 627 (Autographurn.
724 580 1011 620 Staatsarchiv,
1052 581 1176 614 XVien.
1217 580 1459 625 Hungarica.
1483 579 1645 614 Edidit:
1680 579 1827 614 Archiv
1848 579 1911 613 fiir

185 641 538 675 bosterreichische
567 640 959 685 Geschichtsquellen
991 640 1068 673 vol.
1103 650 1160 673 21.
1193 650 1282 684 pag.
1316 640 1417 683 282.)

1013 798 1111 839 159.

684 907 974 962 Nagyszeben,
1001 920 1069 949 22.
1097 907 1286 949 Octobris
1310 920 1437 961 1529.

214 997 414 1036 Nicolaus
437 996 617 1036 Gerendi
642 997 863 1048 episcopus
886 997 1201 1048 Transylvanus
1231 1002 1271 1036 et
1308 998 1407 1036 socii
1445 998 1711 1037 Ferdinando
1742 998 1774 1037 I.
1812 998 1907 1049 regi.

355 1096 551 1151 Regnum
577 1110 602 1137 a
634 1096 838 1137 Valaclzis
865 1100 901 1137 et
926 1100 1071 1151 postea
1098 1110 1123 1137 a
1149 1096 1398 1137 hominibus
1424 1096 1456 1150 J
1461 1096 1618 1138 oannis
1644 1096 1753 1151 regis
1779 1101 1912 1138 totum

161 1185 194 1211 10
213 1168 480 1209 devastatum
503 1171 576 1215 est,
602 1167 744 1222 sicque
768 1167 907 1209 solum
932 1167 1025 1208 eius
1050 1171 1178 1221 opem
1205 1167 1348 1208 iuvari
1371 1171 1518 1222 potest.

359 1269 521 1323 Enque
543 1269 702 1310 estado
724 1269 790 1310 105
811 1268 1018 1323 negocios
1040 1268 1095 1310 de
1117 1282 1199 1310 aea
1220 1269 1453 1310 estuviron
1476 1283 1531 1310 en
1553 1269 1618 1310 los
1641 1269 1738 1310 dias
1760 1282 1911 1324 passa-

215 1339 310 1389 dos,
344 1353 529 1382 avernos
561 1340 771 1381 emviado
802 1340 927 1394 largo
958 1344 1118 1381 cuente
1151 1353 1177 1381 a
1207 1340 1369 1381 Vestra
1401 1340 1636 1394 Magestad
1658 1353 1741 1381 000
1763 1354 1786 1381 0
1811 1340 1910 1381 Vito

213 1411 422 1452 Horvatlz.
454 1410 603 1452 Desde
625 1424 716 1465 que
744 1411 783 1452 el
812 1411 946 1452 dicho
965 1410 1072 1452 Vito
1093 1424 1139 1452 se
1159 1411 1308 1465 partio
1332 1411 1387 1452 de
1416 1411 1509 1465 qui,
1540 1411 1670 1465 luego
1698 1415 1914 1452 entraron

214 1481 280 1522 105
324 1482 508 1523 Valacos
548 1481 603 1522 de
646 1482 866 1536 Valaquia
905 1495 936 1536 y
976 1481 1208 1522 corriendo
1247 1481 1358 1523 todo
1409 1482 1448 1523 el
1494 1496 1634 1537 reyno
1673 1495 1916 1535 qremaron

163 1567 199 1593 15
215 1552 403 1594 muchos
432 1553 608 1606 lugares
635 1552 835 1594 Saxones
865 1552 1039 1593 suditos
1069 1552 1124 1593 de
1159 1553 1309 1594 Vestra
1338 1553 1394 1594 M
1397 1553 1567 1608 agestad
1595 1567 1626 1608 y
1655 1566 1739 1594 000
1768 1552 1913 1607 grand

214 1623 326 1664 robo
353 1627 570 1665 tornaron
608 1636 662 1664 en
701 1637 752 1664 su
790 1628 923 1664 terra.
963 1623 1187 1664 Dexando
1224 1624 1331 1678 aqui
1359 1637 1462 1665 cosa
1488 1624 1670 1665 terrible
1699 1623 1754 1664 de
1791 1623 1911 1665 vista

215 1698 343 1736 0οΐῑο
365 1694 405 1736 10
426 1694 567 1749 pobre
589 1694 726 1749 jente.
752 1695 817 1735 Lo
839 1694 893 1735 de
916 1708 1013 1735 mas
1036 1708 1123 1748 que
1145 1707 1191 1735 50
1214 1695 1375 1749 quedo,
1400 1695 1465 1736 105
1488 1695 1558 1736 (101
1577 1695 1701 1748 Juan
1723 1708 1778 1736 en
1801 1694 1915 1736 todo

217 1765 512 1814 destruieron,
535 1778 788 1819 qremaron,
805 1765 998 1806 robaron
1025 1779 1055 1819 y
1075 1769 1285 1806 mataron
1311 1780 1342 1820 y
1367 1766 1433 1807 105
1460 1766 1729 1807 fuertalezas
1755 1765 1913 1807 tienon

216 1850 270 1878 en
295 1849 348 1877 su
384 1836 538 1891 poder,
577 1836 704 1878 salvo
746 1836 812 1877 las
846 1835 1059 1877 ciudades
1090 1835 1266 1877 Cibim‘o
1300 1840 1344 1877 et
1380 1837 1675 1885 Brassovz'am,
1707 1836 1912 1877 Zassebes

160 1920 196 1946 20
214 1907 274 1949 ha
301 1907 408 1961 qual
434 1921 494 1962 ya
522 1921 548 1948 a
574 1920 684 1961 gran
712 1907 886 1961 tiempo
913 1920 1120 1948 cercaron
1149 1921 1179 1962 y
1206 1907 1320 1948 cada
1347 1907 1422 1948 dia
1448 1907 1607 1961 pelean
1634 1921 1745 1962 muy
1771 1911 1909 1948 retra—

214 1979 382 2020 miente
408 1992 520 2033 para
544 1978 744 2033 ganarla.
774 1978 909 2019 Estas
935 1977 1148 2018 ciudades
1186 1991 1245 2019 no
1270 1991 1316 2019 50
1341 1978 1519 2032 pueden
1546 1979 1711 2019 mueho
1736 1978 1910 2032 tiempo

213 2054 353 2098 tener,
376 2049 422 2091 ni
441 2049 650 2103 guardar,
673 2062 755 2104 por
775 2063 863 2103 que
883 2048 948 2089 105
968 2049 1158 2102 lugares,
1181 2048 1328 2090 donde
1350 2049 1535 2090 uvieron
1556 2049 1595 2089 el
1616 2035 1908 2098 vastimento‚

213 2120 347 2162 todos
364 2125 493 2162 estan
511 2120 789 2175 qremadosy
805 2134 859 2161 en
877 2119 1018 2174 poder
1034 2119 1089 2161 de
1106 2120 1172 2161 105
1189 2120 1414 2173 enemigos
1431 2134 1461 2174 y
1478 2119 1610 2161 todos
1627 2120 1692 2161 105
1709 2119 1910 2161 caminos

214 2205 298 2233 con
336 2191 481 2245 grand
520 2190 734 2232 crueldad
772 2190 1054 2245 guarchados
1094 2204 1181 2244 que
1219 2190 1420 2244 ninguno
1459 2190 1514 2231 de
1552 2204 1634 2232 nos
1673 2194 1796 2232 otros
1835 2191 1911 2245 oja

160 2275 196 2301 25
214 2262 319 2303 salir
338 2276 393 2303 en
413 2262 452 2303 01
473 2275 634 2317 campo
654 2276 683 2317 y
704 2262 839 2316 quien
860 2262 1041 2315 apafion
1062 2261 1261 2302 matonle
1282 2275 1391 2316 muy
1411 2274 1716 2319 verguenqosa
1736 2266 1912 2303 muerte

213 2333 360 2374 nimas
387 2346 517 2374 como
542 2333 780 2374 maluados
806 2347 836 2388 y
863 2331 1109 2386 refiegados
1135 2345 1296 2372 moros.
1327 2332 1393 2372 La
1418 2332 1541 2386 jente
1567 2332 1640 2373 fiel
1667 2332 1721 2373 de
1748 2333 1912 2374 Vestra

214 2404 451 2458 Magestad
495 2403 800 2458 juntamiente
845 2417 928 2444 000
973 2416 1055 2444 005
1100 2407 1223 2444 otros
1268 2407 1465 2444 estamos
1510 2416 1565 2443 en
1610 2403 1910 2457 grandissima

215 2474 557 2529 detesparacion
591 2488 646 2516 en
681 2478 856 2528 quanto
889 2478 1045 2515 tantas
1078 2486 1204 2515 veses
1239 2486 1422 2514 avernos
1456 2473 1688 2515 embiados
1722 2474 1909 2514 muchas

215 2549 364 2586 cartas
395 2559 426 2600 y
457 2545 784 2587 embaxadores
815 2559 845 2600 y
878 2558 961 2586 con
993 2544 1126 2585 todos
1158 2557 1216 2585 no
1249 2557 1432 2585 avernos
1463 2544 1661 2599 puedido
1693 2544 1910 2585 entender

161 2628 198 2654 30
214 2616 350 2657 hasta
377 2629 426 2657 os
453 2616 525 2657 del
553 2616 628 2657 dia
655 2616 699 2657 10
725 2629 822 2656 mas
851 2615 977 2657 chica
1005 2628 1108 2656 cosa
1137 2614 1275 2656 cierta
1303 2615 1374 2656 del
1402 2614 1573 2656 mundo
1601 2615 1656 2656 de
1683 2615 1727 2655 10
1758 2616 1908 2656 Vestra

213 2687 270 2728 M
273 2687 443 2741 agestad
470 2701 501 2741 y
529 2687 640 2728 todo
667 2687 712 2728 10
731 2700 818 2741 que
839 2687 989 2728 Vestra
1008 2686 1064 2726 M
1067 2686 1237 2739 agestad
1266 2699 1292 2726 a
1321 2685 1482 2726 escrito
1511 2699 1538 2726 a
1565 2699 1647 2726 nos
1675 2690 1797 2727 otros
1828 2699 1910 2740 por

216 2757 443 2798 contrario
469 2758 513 2799 10
541 2771 726 2799 avernos
753 2758 874 2799 visto
902 2770 984 2798 000
1012 2755 1311 2810 grandissima
1337 2756 1566 2810 perdicion
1601 2756 1730 2797 desto
1768 2769 1908 2811 reyno

214 2841 245 2882 y
277 2827 332 2868 de
363 2841 445 2869 nos
477 2832 599 2869 otros
621 2863 628 2870 .
653 2863 660 2869 .
685 2863 694 2870 .
725 2828 770 2869 Si
802 2832 935 2869 tanto
966 2826 1249 2868 merescimos
1281 2840 1367 2880 que
1398 2840 1489 2868 una
1520 2840 1601 2868 vez
1633 2840 1737 2868 cosa
1768 2827 1910 2868 cierto

216 2898 529 2940 entiendamos
558 2899 602 2940 lo
631 2912 718 2953 que
753 2899 903 2940 Vestra
932 2898 1161 2952 sslczgestad
1191 2897 1246 2938 de
1275 2910 1356 2938 nos
1387 2902 1509 2938 otros
1538 2897 1728 2951 quisiere
1758 2898 1907 2953 haeer,

163 2980 199 3006 35
216 2982 387 3023 porque
412 2969 449 3010 si
474 2970 637 3011 Vestra
662 2968 898 3024 Magestad
923 2969 1052 3022 luego
1077 2981 1136 3008 no
1162 2968 1352 3009 embisre
1377 2972 1523 3022 gente,
1551 2972 1671 3009 estas
1696 2968 1909 3009 ciudades

217 3038 372 3080 dichas
395 3053 441 3080 se
466 3039 608 3081 daran
632 3054 687 3081 en
710 3040 851 3094 poder
874 3039 929 3080 de
952 3039 1018 3080 105
1041 3038 1266 3092 enemigos
1288 3052 1296 3087 ;
1323 3052 1420 3079 mas
1444 3038 1479 3079 si
1508 3039 1658 3080 Vestra
1681 3039 1737 3079 M
1739 3040 1909 3094 agestad

217 3109 391 3151 tuniere
424 3109 618 3152 ciudado
651 3110 723 3151 del
755 3123 933 3151 soearro
965 3109 1130 3150 viendo
1163 3109 1202 3150 01
1235 3109 1375 3163 poder
1407 3109 1462 3150 de
1499 3109 1649 3150 Vestra
1681 3110 1738 3150 M
1740 3111 1909 3164 agestad

217 3192 246 3219 a
271 3179 348 3233 qui
374 3180 484 3221 todo
510 3181 549 3221 el
574 3181 746 3222 mundo
771 3185 956 3222 tornara
982 3193 1007 3220 a
1032 3180 1075 3220 10
1100 3179 1247 3233 gratia
1273 3179 1327 3220 de
1358 3180 1508 3221 Vestra
1534 3180 1590 3220 M
1593 3181 1762 3234 agestad
1786 3195 1817 3235 y
1842 3180 1908 3221 los
