2209 3643
176 222 235 256 31.
257 212 351 258 Julii
376 205 484 259 1536]
938 209 1011 244 No.
1036 219 1104 243 221
1797 210 1869 253 267

176 342 378 392 reddam,
417 346 460 383 et
499 355 601 383 cum
638 341 722 382 hoc
759 340 970 382 dominiis
1006 341 1255 382 Turcarum
1293 354 1383 382 non
1421 354 1611 396 parvam
1649 339 1872 382 iacturam

178 414 381 456 inferam.
431 412 521 455 Ubi
569 425 676 454 vero
723 411 986 454 Maiestates
1033 425 1187 454 earum
1235 412 1489 467 generalem
1538 411 1873 467 expeditionem

178 489 337 528 contra
357 484 526 526 Turcas
549 484 696 525 facere
718 482 958 532 voluerint,
983 483 1172 524 mittant
1196 483 1454 538 quindecim
1477 482 1601 524 milia
1622 482 1872 531 hominum,

178 556 344 612 quibus
364 554 531 597 addam
552 569 607 597 ex
628 568 765 610 regno
785 568 885 596 meo
906 555 1211 610 quadraginta
1231 554 1355 596 milia
1375 554 1635 604 electorum,
1657 553 1874 596 Transsil-

145 627 315 670 ⁵vania
345 626 522 681 viginti,
555 625 880 681 Transalpinae
911 639 1017 667 vero
1038 625 1199 681 viginti
1225 625 1425 681 quinque
1456 625 1612 667 milia».
1647 625 1758 667 Cum
1790 625 1873 673 his,

178 698 275 740 Deo
306 698 503 746 volente,
536 710 680 752 usque
711 697 1153 752 Constantinopolim
1186 696 1406 752 proficisci
1439 697 1563 739 velit.
1599 696 1688 739 Ubi
1720 700 1873 738 autem

178 769 441 811 Maiestates
462 768 650 810 Vestrae
673 768 728 810 de
750 782 832 810 sua
854 767 1083 810 oblatione
1106 768 1385 816 dubitarent,
1409 768 1590 809 easdem
1613 767 1874 809 Maiestates

177 841 363 883 Vestras
403 852 658 881 assecurare
698 844 743 881 et
784 843 929 880 certas
970 838 1154 880 reddere
1198 839 1313 881 vult.
1369 839 1493 880 Hacc
1534 831 1600 880 Mti
1654 838 1742 880 Vrae
1794 850 1876 893 pro

178 915 335 953 nostra
377 910 422 952 in
466 910 657 952 eandem
702 910 923 952 fidelitate
967 910 1207 952 rescribere
1250 910 1492 959 voluimus,
1538 910 1609 952 cui
1653 914 1875 964 tanquam

126 995 161 1021 1⁰
179 982 363 1025 domino
407 985 565 1024 nostro
609 981 958 1023 clementissimo
1003 981 1252 1023 humillime
1297 981 1619 1036 supplicamus,
1666 980 1877 1035 dignetur

178 1066 261 1096 nos
294 1053 441 1095 facere
475 1052 700 1102 certiores,
736 1052 846 1107 quid
879 1052 1067 1094 ulterius
1100 1052 1231 1094 nobis
1265 1052 1491 1107 agendum
1525 1052 1583 1093 sit
1630 1063 1876 1105 curamque

179 1124 323 1167 nostri
362 1128 406 1166 et
447 1123 735 1166 servitiorum
774 1128 1033 1165 nostrorum
1072 1123 1267 1177 gratiose
1305 1136 1470 1178 gerere,
1510 1136 1657 1178 neque
1696 1121 1874 1177 culpam

181 1195 381 1250 aliquam
408 1195 539 1237 nobis
566 1195 611 1236 in
639 1195 723 1237 hoc
752 1195 985 1243 ascribere,
1028 1195 1135 1249 quia
1168 1208 1249 1236 nec
1278 1194 1518 1249 capitibus,
1546 1207 1629 1235 nec
1669 1191 1876 1247 sanguini

180 1270 337 1309 nostro
367 1279 667 1322 parceremus,
700 1265 948 1307 dummodo
973 1258 1039 1306 Mti
1066 1266 1154 1307 Vme
1181 1265 1239 1307 ad
1276 1270 1387 1307 vota
1424 1265 1589 1307 servire
1627 1276 1875 1320 possemus.

127 1349 162 1375 15
183 1338 347 1393 Itaque
380 1336 752 1379 commendamus
783 1330 849 1377 Mti
886 1337 973 1378 Vme
997 1341 1217 1392 perpetua
1241 1341 1285 1378 et
1321 1336 1471 1378 fidelia
1494 1335 1679 1377 servitia
1705 1338 1876 1382 nostra,

181 1408 251 1451 uti
284 1408 468 1450 domino
500 1412 658 1450 nostro
691 1407 1053 1456 clementissimo,
1089 1421 1227 1462 quam
1261 1408 1384 1449 Deus
1418 1407 1618 1462 optimus
1650 1405 1878 1448 maximus

184 1479 489 1522 felicissimam
523 1482 772 1521 conservet.

329 1551 401 1593 Ex
433 1550 660 1599 Cassovia,
693 1550 857 1592 ultima
884 1549 995 1604 Julii
1029 1549 1152 1602 1536.

328 1621 667 1664 Sacratissimae
702 1620 955 1663 Maiestatis
989 1621 1178 1662 Vestrae

130 1704 167 1731 20
1413 1690 1565 1731 fideles
1609 1689 1847 1731 servitores

1410 1761 1652 1803 Balthasar
1679 1759 1848 1815 Banfty

1381 1832 1560 1874 Marcus
1592 1831 1876 1885 Pemfflinger

331 1965 556 2010 (Originale.
572 1965 861 2004 Staatsarchiv‚
879 1964 1004 1998 Wien.
1035 1963 1278 2008 Hungarica.
1296 1962 1459 1997 Edidit:
1483 1961 1631 1996 Archiv
1654 1961 1722 1995 des
1747 1960 1879 1995 Verei-

185 2034 255 2058 nes
270 2024 335 2059 fiir
355 2024 701 2069 siebenbiirgische
722 2023 1015 2058 Landeskunde
1034 2023 1112 2057 vol.
1144 2033 1203 2065 29.
1232 2033 1323 2068 pag.
1353 2022 1585 2067 595—597.)

133 2224 170 2250 25
982 2209 1080 2251 221.

741 2344 904 2392 Kassa,
938 2353 1007 2394 31.
1042 2341 1163 2395 Julii
1195 2342 1323 2394 1536.

411 2435 575 2474 Marcus
609 2433 875 2484 Pemfflinger
909 2432 1176 2471 Ferdinando
1210 2432 1242 2470 Ι.
1278 2431 1363 2482 regi
1398 2430 1650 2481 Hungariae.

338 2557 532 2599 Vaivoda
559 2558 615 2599 M
619 2557 812 2599 oldaviae
838 2555 1153 2598 hortationibus
1180 2559 1239 2596 est
1264 2555 1519 2610 captandus.

335 2687 405 2729 Ex
445 2687 609 2729 litteris
662 2686 980 2729 communibus
1033 2685 1091 2726 ad
1143 2683 1245 2726 Mtem
1288 2685 1387 2725 Vram
1466 2684 1601 2732 datis,
1645 2683 1884 2725 lenitatem

138 2766 173 2792 3⁰
190 2758 390 2800 Moldavi
426 2758 661 2813 intelliget.
700 2757 919 2813 Quamvis
955 2756 1049 2811 ipse
1098 2756 1235 2804 dicat,
1284 2759 1336 2797 ut
1384 2754 1697 2810 intelligentia,
1747 2768 1885 2809 quam

192 2842 295 2870 cum
323 2829 585 2871 Ioannebek
611 2829 766 2877 habet,
794 2828 852 2870 sit
880 2828 987 2869 ficta
1014 2831 1058 2868 et
1086 2826 1133 2868 in
1161 2840 1265 2867 eum
1291 2826 1427 2867 finem
1454 2825 1579 2875 facit,
1608 2829 1659 2866 ut
1688 2824 1884 2880 decipiat

192 2899 342 2955 ipsum
373 2901 591 2941 Ioannem
621 2904 683 2949 et,
714 2903 766 2941 ut
797 2898 938 2955 possit
970 2911 1121 2939 secum
1152 2910 1297 2952 agere,
1327 2900 1379 2938 ut
1411 2909 1514 2938 cum
1544 2895 1698 2945 Gritti,
1729 2900 1883 2937 tamen

193 2983 291 3011 mos
321 2974 365 3011 et
397 2971 677 3012 consuetudo
707 2970 1004 3012 barbarorum
1036 2972 1118 3017 est,
1150 2972 1202 3010 ut
1233 2966 1421 3023 pallium
1452 2981 1504 3009 eo
1534 2970 1733 3015 vertant,
1765 2966 1886 3008 unde

193 3044 358 3083 ventus
393 3041 489 3083 flat.
537 3041 686 3083 Cernit
725 3041 956 3083 fortunam
1002 3031 1084 3081 Mtis
1109 3038 1201 3080 Vme
1239 3052 1294 3079 ex
1333 3038 1574 3080 Caesareae
1611 3031 1692 3079 Mtis
1717 3041 1883 3079 eventu

141 3117 176 3143 35
193 3111 401 3165 pendere,
430 3111 548 3153 illius
574 3111 749 3153 exitum
776 3114 1025 3166 exspectat.
1054 3109 1154 3150 Meo
1181 3112 1336 3150 tamen
1363 3108 1516 3150 videre
1542 3107 1782 3150 Moldavus
1808 3121 1885 3163 per

194 3180 299 3222 Mtem
339 3181 439 3222 Vm?
478 3182 524 3223 in
563 3186 663 3224 toto
714 3195 805 3223 non
856 3185 923 3222 est
975 3179 1255 3228 reiiciendus,
1309 3192 1412 3220 cum
1462 3185 1666 3234 ternpore
1716 3178 1883 3233 poterit
