2209 3643
282 200 330 244 84
1050 197 1125 231 No.
1148 199 1197 242 67
1645 192 1718 246 [30.
1746 197 1841 231 Dec.
1877 206 1974 243 1507

284 335 410 372 tente
448 329 632 383 legeque
671 327 793 382 regni
832 326 1100 381 requirente.
1156 327 1299 382 Super
1337 341 1428 382 quo
1466 328 1676 370 Vestram
1715 327 1976 369 Amicitiam

284 399 596 456 praesentibus
623 398 821 453 petimus
849 397 1098 451 diligenter,
1127 401 1354 452 quatenus
1380 403 1583 440 vestrum
1610 398 1807 440 mittatis
1832 398 1975 440 homi-

282 485 399 520 nem,
441 483 522 524 pro
561 467 821 510 testimonio
860 468 949 509 fide
989 467 1189 522 dignum,
1232 482 1322 524 quo
1361 474 1596 525 praesente
1633 469 1865 523 Johannes
1904 469 1976 511 vel

283 541 449 583 Paulus
469 540 524 581 de
544 539 768 589 Thotewr,
785 543 865 580 aut
886 538 1008 587 socii,
1026 539 1122 581 aliis
1143 538 1421 590 absentibus,
1442 541 1577 582 homo
1597 544 1751 582 noster
1776 540 1831 582 de
1853 539 1977 582 curia

282 611 402 666 regia
460 614 876 664 consequenterque
918 609 1022 651 sede
1064 614 1220 652 nostra
1262 611 1492 652 vaivodali
1535 611 1593 652 ad
1636 611 1682 652 id
1723 610 1977 666 specialiter
2011 623 2028 649 5

282 680 586 729 transmissus,
611 693 715 735 erga
736 680 965 735 praefatos
987 680 1223 722 dominum
1245 681 1515 736 Bogdanum
1537 681 1783 723 vaivodam
1804 681 1976 723 Molda-

283 753 482 793 viensem
513 765 564 792 ac
586 785 591 791 .
614 785 620 791 .
643 785 649 791 .
668 751 898 800 accedens,
931 756 1193 793 ammoneat
1224 752 1404 794 eosdem
1423 752 1635 807 dicatque
1653 757 1697 794 et
1715 752 1976 794 committat

282 823 451 864 eisdem
475 822 656 863 nomine
679 822 798 876 regio
822 822 1052 876 verboque
1070 827 1226 864 nostro
1249 823 1492 872 vaivodali,
1518 828 1568 865 ut
1593 823 1677 878 ipsi
1700 823 1978 878 praescripta

283 894 381 935 iura
405 893 672 947 quartalitia
697 893 929 948 praefatae
954 893 1164 934 dominae
1190 893 1469 935 Katherinae
1494 894 1776 949 exponentis,
1802 907 1978 935 necnon

285 964 440 1006 dotem
463 964 523 1019 [et
547 963 632 1019 res]
656 964 960 1018 parafernales
991 968 1241 1006 annotatae
1271 965 1465 1006 condam
1497 965 1708 1006 dominae
1739 964 1979 1006 Elizabeth
1992 976 2029 1003 io

285 1035 443 1076 matris
469 1048 576 1076 suae
602 1035 688 1076 sibi
715 1034 769 1076 de
795 1034 1083 1090 praescriptis
1109 1035 1267 1077 castris
1293 1040 1338 1077 et
1365 1036 1542 1090 oppidis
1568 1040 1707 1090 atque
1733 1034 1979 1077 eorundem

283 1110 534 1147 castrorum
575 1109 620 1147 et
663 1106 932 1160 oppidorum
974 1106 1259 1160 pertinentiis
1300 1107 1594 1161 praenotatis,
1638 1120 1754 1161 quae
1794 1105 1977 1155 scilicet,

283 1182 333 1219 ut
358 1176 669 1231 praemittitur
690 1176 931 1231 praelibati
954 1176 1147 1218 condam
1166 1177 1389 1231 Johannis
1412 1178 1640 1232 Pongracz
1663 1177 1978 1232 praefuissent,

283 1248 412 1289 iuxta
461 1247 571 1289 dicti
619 1247 743 1302 regni
791 1247 1166 1289 consuetudinem
1230 1248 1466 1303 provenire
1515 1248 1786 1290 debentibus
1834 1247 1980 1289 eidem

285 1318 495 1360 dominae
529 1318 776 1373 exponenti
810 1318 1050 1360 extradare
1100 1318 1376 1374 reddereque
1411 1319 1607 1361 debeant
1642 1323 1686 1361 et
1721 1322 1977 1361 teneantur.
1994 1330 2030 1357 15

286 1390 412 1444 Quae
433 1389 470 1430 si
493 1389 693 1439 fecerint,
718 1389 832 1431 bene
847 1389 1045 1444 quidem,
1063 1390 1263 1444 alioquin
1286 1394 1444 1432 evocet
1467 1390 1647 1432 eosdem
1671 1394 1829 1432 contra
1851 1393 1980 1431 ante-

285 1461 430 1502 fatam
481 1460 713 1502 dominam
764 1465 1067 1516 exponentem
1118 1461 1177 1502 ad
1227 1465 1417 1503 octavas
1467 1461 1571 1503 festi
1621 1460 1981 1516 Epiphaniarum

285 1531 469 1573 Domini
511 1531 714 1587 proxime
756 1536 973 1573 venturas
1015 1537 1219 1574 nostram
1261 1532 1548 1574 vaivodalem
1590 1532 1636 1573 in
1677 1531 1981 1587 praesentiam

288 1602 511 1644 rationem
539 1602 778 1657 superinde
806 1603 1061 1644 reddituros
1082 1617 1091 1653 ;
1121 1607 1206 1644 etc.

434 1673 608 1715 Datum
638 1674 796 1715 Budae
825 1673 870 1715 in
899 1674 1054 1728 vigilia
1082 1674 1185 1716 festi
1215 1674 1347 1716 Beati
1375 1673 1582 1716 Andreae
1611 1673 1818 1729 apostoli.
1849 1673 1982 1714 Anno
1996 1685 2033 1712 20

291 1744 473 1786 Domini
499 1744 735 1787 Millesimo
761 1745 1122 1800 quingentesimo
1146 1745 1353 1800 septimo.

430 1847 622 1886 Titulus:
659 1847 816 1886 Amicis
853 1848 938 1886 suis
975 1847 1234 1886 Reverendis
1269 1847 1498 1886 conventui
1535 1847 1731 1886 ecclesiae
1768 1846 1819 1885 de
1844 1845 1982 1885 Colos-

293 1910 511 1945 monostra
541 1919 618 1958 pro
649 1906 860 1945 Generosa
892 1906 1064 1945 domina
1097 1907 1346 1952 Katherina,
1386 1911 1578 1945 consorte
1611 1906 1791 1944 lllustris
1823 1905 1984 1944 domini

294 1965 510 2004 Laurentii
543 1966 661 2004 ducis
694 1966 746 2004 de
781 1966 933 2017 Wylak
967 1966 1056 2004 filia
1088 1966 1285 2004 videlicet
1319 1965 1532 2016 Magnifici
1566 1965 1745 2004 condam
1775 1963 1984 2015 Johannis

293 2024 507 2076 Pongracz
535 2025 587 2064 de
616 2025 829 2076 Dengeleg
856 2025 1065 2064 vaivodae
1095 2025 1489 2064 Transsilvanensis.
1521 2024 1844 2063 Ammonitoria.
1997 2040 2034 2066 25

538 2124 765 2169 (Originale.
792 2124 987 2169 Orszagos
1012 2124 1209 2164 Leveltar,
1238 2123 1457 2168 Budapest.
1486 2123 1549 2157 Dl.
1578 2122 1730 2168 27791.)

1105 2276 1175 2317 67.

695 2386 1045 2440 Gyztlajelze'rvcir,
1077 2397 1146 2438 3ο.
1179 2385 1425 2427 Decembris
1455 2396 1581 2438 1507.

296 2474 539 2525 Capitulum
573 2475 767 2514 ecclesiae
799 2475 993 2514 Albensis
1039 2474 1370 2526 Transylvaniae
1415 2473 1633 2512 Leonardo
1672 2472 1891 2512 Barlabasi
1935 2472 1987 2511 de

702 2534 934 2586 Hederfaja
966 2533 1269 2573 vicevaivodae
1301 2533 1590 2583 Transylvani.
2000 2558 2038 2584 30

436 2633 603 2675 Relatio
629 2633 878 2675 statutionis
907 2633 1060 2686 Affrae
1085 2637 1122 2674 et
1146 2631 1253 2674 socii
1283 2632 1332 2673 in
1356 2631 1625 2687 possessione
1652 2630 1798 2685 Bajon
1822 2634 1987 2672 contra-

295 2702 457 2744 dicente
485 2704 664 2757 Bogdan
690 2704 871 2746 vaivoda
896 2704 952 2745 M
955 2704 1161 2746 oldaviae.

442 2808 676 2851 Introduci
705 2809 813 2851 facit
843 2810 1017 2851 Affram
1047 2809 1186 2850 filiam
1215 2808 1409 2850 condam
1439 2806 1612 2849 Nicolai
1633 2806 1688 2848 de
1711 2805 1914 2847 Vizakna
1942 2810 1987 2847 et

298 2877 535 2920 Nicolaum
556 2879 698 2920 filium
721 2880 914 2921 condam
937 2879 1163 2922 Francisci
1186 2879 1241 2921 de
1263 2879 1420 2920 eadem
1443 2876 1646 2919 Vizakna
1668 2876 1713 2917 in
1736 2875 1987 2918 dominium

302 2948 456 2989 totalis
479 2950 768 3003 possessionis
792 2950 874 3004 Baj
882 2964 939 2992 on
954 2955 1145 2992 vocatae
1167 2950 1213 2990 in
1236 2947 1520 3004 pertinentiis
1543 2947 1679 2988 castri
1702 2946 1988 3001 Kykellewar

301 3016 346 3057 in
366 3018 586 3060 comitatu
606 3019 661 3061 de
682 3020 883 3062 Kukfillo
903 3020 1139 3062 existentis
1159 3025 1203 3061 et
1223 3019 1407 3061 habitae
1427 3017 1472 3059 in
1492 3017 1607 3058 festo
1626 3016 1750 3059 beati
1765 3016 1988 3070 Johannis

130 3105 179 3135 27·
203 3097 279 3126 Dec.
303 3087 509 3141 Apostoli
538 3093 583 3130 et
614 3090 945 3144 Evangelistae.
978 3091 1235 3132 Adfuerunt
1267 3094 1311 3131 et
1355 3087 1726 3130 contradixerunt
1766 3087 1988 3129 Martinus

302 3156 483 3209 Kozma,
509 3162 552 3199 et
586 3159 781 3201 Brictius
820 3161 1008 3215 Magyar
1051 3160 1196 3202 incola
1239 3158 1438 3201 eiusdem
1482 3157 1771 3212 possessionis
1810 3157 1856 3199 in
1891 3171 1987 3213 per-

2002 2995 2037 3021 35
