2209 3643
158 1764 205 1794 13.
228 1755 293 1794 Jan.

314 212 382 236 122
1084 199 1157 231 No,
1180 207 1228 238 90
1725 192 1771 246 [8.
1795 196 1882 233 Oet.
1907 207 2002 243 1519

1126 348 1197 389 90.

832 458 1056 510 Vcirfalva,
1079 457 1119 498 8.
1145 457 1335 498 Octobris
1357 468 1483 511 1519.

304 553 490 602 Jormnes
508 548 730 600 Szapolyai
751 547 935 586 vaivoda
951 547 1274 585 Transsilvanus
1290 559 1411 585 conv.
1432 547 1529 585 eccl.
1546 547 1596 585 de
1614 547 2000 586 Kolozsmonostor.

452 647 651 703 Epistola
677 647 786 702 regis
811 650 982 701 accepta
1008 659 1139 687 suum
1164 646 1381 687 iudicium
1406 646 1455 688 in
1480 645 1752 701 Stephanum
1776 646 2001 689 vaivodam

307 722 442 762 latum
473 718 764 773 exequendmn
792 731 880 759 non
910 731 997 758 esse
1027 731 1094 758 eos
1124 722 1371 758 commonet.
2037 739 2054 765 5

448 826 681 880 Johannes
718 825 773 866 de
808 823 1010 879 Zapolya
1047 838 1195 866 comes
1231 828 1477 879 perpetuus
1513 828 1659 866 terrae
1694 824 1998 879 Zepwsiensis,

308 897 504 940 vaivoda
530 896 876 937 Transsilvanus
904 899 948 936 et
974 895 1227 937 Siculorum
1254 908 1402 937 comes
1429 900 1512 938 etc.
1542 895 1712 937 Amicis
1738 895 1829 936 suis
1858 896 2002 937 Reve—

307 968 455 1011 rendis
503 967 749 1009 conventui
797 967 1008 1009 ecclesiae
1057 967 1229 1008 Beatae
1276 967 1471 1021 Virginis
1519 965 1574 1008 de
1622 966 1997 1008 Colosmonostra.

307 1039 567 1081 Amicitiam
608 1043 819 1094 paratam
861 1052 964 1080 cum
1005 1038 1187 1079 honore.
1231 1037 1410 1079 Allatae
1451 1042 1558 1079 sunt
1601 1037 1660 1078 ad
1700 1050 1782 1079 nos
1823 1037 2002 1079 litterae

309 1110 474 1166 Regiae
514 1110 780 1159 Maiestatis,
814 1108 985 1150 domini
1019 1108 1163 1150 nostri
1219 1108 1530 1163 gratiosissimi
1590 1108 1720 1149 vobis
1777 1107 1823 1149 in
1878 1108 2001 1149 facto
2016 1116 2051 1142 10

307 1181 541 1224 cuiusdam
572 1194 733 1223 causae
762 1180 879 1221 inter
908 1171 1122 1235 Egregios
1152 1179 1345 1221 condam
1374 1179 1612 1221 Nicolaum
1642 1178 1697 1220 de
1726 1178 1920 1221 Bethlen
1949 1193 2001 1220 ac

303 1254 561 1307 Johannem
607 1252 750 1293 filium
797 1251 991 1293 condam
1037 1251 1266 1292 Michaelis
1313 1250 1540 1306 Desewffy
1585 1249 1640 1291 de
1686 1250 1900 1299 Losoncz,
1949 1254 1999 1291 ut

307 1329 481 1366 actores
529 1323 587 1364 ab
623 1336 728 1372 una,
767 1336 818 1364 ac
854 1322 1217 1377 praedecessores
1252 1321 1376 1376 regni
1411 1321 1730 1363 Moldaviensis
1764 1320 1998 1370 vaivodas,

306 1396 431 1438 velut
458 1395 502 1435 in
529 1408 713 1436 causam
740 1397 975 1443 attractos,
999 1393 1206 1448 partibus
1232 1406 1286 1434 ex
1313 1392 1468 1442 altera,
1485 1392 1660 1434 ratione
1685 1396 1730 1433 et
1757 1396 2000 1447 praetextu

307 1465 459 1521 oppidi
485 1464 861 1519 Zenthmargitha
885 1464 1109 1506 nominati
1134 1464 1179 1506 in
1206 1464 1428 1506 comitatu
1453 1463 1625 1505 Zolnok
1650 1463 1851 1505 interiori
1876 1462 1999 1504 adia—
2015 1470 2051 1496 15

306 1537 448 1580 centis
471 1540 515 1578 et
539 1536 698 1585 habiti,
724 1539 877 1577 motae
900 1540 944 1578 et
969 1535 1189 1577 vertentis
1209 1549 1218 1585 ;
1244 1535 1289 1576 in
1313 1548 1404 1590 qua
1427 1534 1545 1576 idem
1570 1534 1763 1576 condam
1787 1534 2000 1576 Nicolaus

307 1609 361 1650 de
395 1607 588 1649 Bethlen
622 1612 667 1649 et
698 1607 931 1661 Johannes
964 1606 1190 1662 Desewffy
1223 1610 1398 1648 actores
1431 1610 1589 1647 contra
1619 1605 1921 1660 Spectabilem
1954 1609 1999 1646 et

307 1679 597 1734 Magnificum
651 1678 935 1733 Stephanum
992 1677 1239 1720 vaivodam
1295 1676 1562 1718 modernum
1619 1676 1819 1718 eiusdem
1876 1675 1999 1730 regni

309 1750 627 1793 Moldaviensis
677 1750 722 1790 in
773 1749 948 1791 octavis
998 1749 1101 1790 festi
1152 1748 1512 1803 Epiphaniarum
1562 1747 1745 1789 Domini
1795 1746 1999 1802 proxime

306 1821 539 1877 praeteriti
578 1821 623 1862 in
663 1821 850 1862 civitate
890 1819 1226 1862 Coloswariensi
1264 1833 1344 1874 per
1382 1832 1463 1860 nos
1503 1818 1738 1860 celebratis
1776 1817 1998 1872 quasdam
2013 1824 2048 1849 ‘20

306 1894 482 1935 litteras
516 1896 694 1934 nostras
730 1891 1081 1934 adiudicatorias
1117 1890 1468 1932 sententionales
1503 1903 1581 1944 per
1615 1903 1706 1930 non
1741 1888 1998 1930 venientem

307 1969 350 2006 et
373 1978 462 2006 non
484 1962 858 2018 comparitionem
880 1961 1080 2004 eiusdem
1102 1961 1273 2003 domini
1313 1959 1551 2009 vaivodae‚
1574 1974 1655 2015 pro
1677 1974 1722 2002 se
1743 1963 1998 2014 reportatas

306 2035 539 2084 haberent,
568 2034 613 2075 in
640 2047 693 2075 eo
720 2033 1026 2088 praeceptorie
1054 2032 1290 2087 loquentes
1317 2036 1361 2073 et
1389 2032 1570 2080 directe,
1600 2031 1723 2086 quod
1749 2031 1786 2072 si
1812 2030 1890 2072 ubi
1916 2043 1998 2072 vos

306 2106 656 2161 exequutionem
690 2109 1031 2160 praetactarum
1066 2103 1321 2145 litterarum
1356 2107 1615 2144 nostrarum
1650 2101 1997 2143 adiudicatoria-

306 2191 420 2226 rum,
452 2176 852 2218 sententionalium
882 2174 1195 2217 testimonium
1226 2178 1429 2215 vestrum
1458 2173 1662 2215 nondum
1691 2172 2046 2221 exmisissetis‚25

306 2261 451 2302 neque
484 2247 538 2289 de
572 2251 748 2288 caetero
782 2246 1021 2288 exmittere
1055 2244 1310 2295 auderetis;
1345 2245 1382 2286 si
1415 2258 1521 2286 vero
1554 2245 1644 2286 iam
1677 2244 1775 2299 ipsa
1806 2242 1997 2285 forsitan

307 2318 551 2373 exequutio
576 2322 761 2372 peracta
788 2322 832 2359 et
860 2316 1124 2358 executione
1152 2316 1197 2357 in
1224 2315 1383 2357 eadem
1409 2315 1603 2370 repulsio
1630 2315 1782 2370 aliqua
1807 2319 1998 2356 executa

307 2391 436 2438 foret,
485 2394 652 2431 extunc
700 2402 781 2430 vos
828 2388 1003 2430 litteras
1050 2401 1184 2442 super
1229 2386 1488 2428 huiusmodi
1534 2390 1686 2428 vestra
1732 2385 1997 2427 executione

307 2460 539 2502 relatorias
567 2459 828 2513 praelibatis
858 2458 1051 2500 condam
1080 2458 1267 2500 Nicolao
1295 2457 1351 2499 de
1380 2457 1574 2499 Bethlen
1603 2471 1654 2498 ac
1680 2456 1881 2510 Johanni
1910 2456 1996 2497 De-

307 2531 461 2586 sewffy
488 2530 725 2572 extradare
752 2530 876 2571 nullo
903 2529 1039 2571 modo
1065 2528 1423 2584 praesumeretis,
1453 2533 1498 2570 et
1526 2527 1646 2582 quia,
1687 2526 1822 2569 sicuti
1861 2526 1996 2568 Maie-
2011 2531 2045 2557 3⁰

307 2605 401 2643 stas
436 2601 526 2643 Sua
552 2601 681 2642 vobis
707 2600 945 2655 superinde
982 2600 1222 2641 mandasse
1258 2599 1477 2648 videtur,l
1514 2599 1580 2640 ita
1616 2603 1660 2640 et
1698 2611 1780 2639 nos
1816 2610 1995 2652 quoque

308 2673 469 2713 harum
508 2672 617 2713 serie
667 2671 919 2713 Maiestatis
955 2672 1072 2713 Suae
1111 2671 1157 2712 in
1196 2684 1387 2725 persona
1424 2669 1614 2711 firmiter
1652 2668 1993 2716 committimus

308 2747 532 2796 quatenus
582 2743 747 2797 agnitis
798 2742 955 2784 iisdem
1006 2742 1168 2784 litteris
1218 2741 1470 2783 Maiestatis
1517 2740 1634 2782 Suae
1683 2738 1996 2794 praesentibus

308 2827 486 2867 quoque
509 2813 673 2854 nostris
695 2827 721 2854 a
742 2813 988 2867 praemissa
1009 2812 1273 2854 executione
1296 2812 1522 2853 dictarum
1544 2811 1799 2852 litterarum
1820 2812 1994 2850 nostra-

309 2897 409 2924 rum
447 2884 618 2924 interea
655 2888 914 2938 temporum
952 2897 1123 2925 cessare
1161 2887 1206 2924 et
1245 2881 1532 2936 supersedere
1571 2879 1795 2934 om[nibus
1833 2878 1989 2933 modis]
2011 2882 2045 2914 35

309 2953 509 2994 debeatis
550 2957 594 2994 et
637 2953 895 2995 teneamini.
936 2953 1072 2995 Secus
1113 2953 1236 2994 nulla
1277 2952 1450 2993 ratione
1492 2951 1636 2992 facere
1677 2949 1990 3004 praesumatis.

312 3023 640 3076 [Praesentibus
668 3024 890 3077 per]lectis
918 3023 1150 3064 exhibenti
1178 3022 1413 3064 restitutis.

445 3177 459 3198 1
478 3177 578 3211 Vide
596 3179 672 3212 hoc
691 3179 928 3212 mandatum
948 3178 1022 3212 sub
1043 3178 1117 3212 No.
1141 3179 1200 3220 89.
