2209 3643
0 3314 8 3643 ffl—-—.;-.„—.-
2 3290 5 3302 ..
1 3275 4 3281 .

223 217 283 252 24.
305 206 411 253 Sept.
438 201 548 256 1540]
978 207 1052 242 No.
1075 217 1149 252 259
1849 214 1919 249 301

222 337 406 379 ducenti
429 337 558 379 electi
582 336 657 378 isti
681 341 726 378 et
748 336 793 377 in
818 337 1054 391 procinctu
1079 337 1156 392 qui
1180 341 1225 378 et
1249 336 1454 379 veniunt.
1482 336 1614 391 Quod
1629 335 1664 377 si
1679 335 1924 378 necessitas

223 408 405 463 cogerit,
437 408 576 449 etiam
606 407 651 449 in
681 408 864 463 propria
893 422 1085 462 persona
1114 407 1476 463 comparebimus
1505 421 1610 462 erga
1640 407 1924 449 adversarios

220 479 490 534 Spectabilis
526 478 791 533 Magnificae
829 479 1165 520 Dominationis
1202 479 1402 520 Vestrae.
1444 479 1681 521 Caeterum
1719 478 1923 520 notifica-

224 564 325 592 mus
351 549 598 605 Spectabili
639 549 904 604 Magnificae
947 550 1259 591 Dominationi
1290 551 1492 599 Vestrae,
1524 554 1763 604 tamquam
1794 549 1923 591 fratri

191 621 355 663 5nobis
400 621 579 670 dilecto,
626 634 681 662 ex
726 624 856 677 parte
906 621 1230 662 nonnullarum
1287 621 1594 662 hereditatum
1650 625 1923 670 nostrarum,

224 691 285 741 id,
314 692 438 747 quod
471 691 650 747 parenti
684 696 841 733 nostro
875 691 969 733 iure
1004 706 1086 733 nos
1121 692 1364 741 concernit,
1392 691 1602 733 videlicet
1639 690 1924 733 Dicsoszent-

224 765 420 812 marton,
455 762 746 818 Chydetelke,
783 762 1084 818 Kiralyfalva,
1119 764 1301 818 Zylkut,
1337 763 1576 804 Peterlaka
1608 767 1652 804 et
1686 763 1843 817 Zagor‚
1878 762 1924 804 in

225 833 447 875 comitatu
468 834 513 875 in
536 834 719 875 Kikelh‘i
739 833 921 875 habitas
942 838 986 875 et
1008 834 1268 883 existentes,
1291 834 1428 888 igitur
1448 834 1672 883 audimus,
1694 833 1926 889 quomodo

221 905 423 960 Joannes
446 919 525 946 rex
549 904 731 947 cuidam
755 904 963 947 servitori
987 918 1069 946 suo
1092 905 1180 946 ista
1203 905 1386 946 heredia
1420 905 1749 960 praesignasset
1785 909 1925 959 atque

171 991 208 1018 10
225 975 422 1018 dedisset
446 975 586 1017 etiam
609 980 810 1018 castrum
833 976 1064 1018 Zentlelek
1084 980 1268 1017 tantum
1292 980 1504 1030 quartam
1528 979 1706 1031 partem
1730 975 1924 1017 misisset

225 1046 510 1102 Wolffgango
556 1047 800 1089 Balathfiw
816 1061 825 1096 ;
880 1047 1058 1089 noverit
1102 1047 1370 1102 Spectabilis
1391 1047 1631 1101 Magnifica
1659 1046 1925 1088 Dominatio

225 1118 310 1167 Vm,
337 1131 476 1173 quarn
499 1132 687 1173 propere
714 1118 878 1172 agebat
903 1118 1040 1160 etiam
1062 1118 1263 1172 Joannes
1286 1132 1363 1159 rex
1388 1123 1484 1159 tam
1508 1118 1758 1167 nobiscum,
1785 1131 1924 1172 quam

225 1188 475 1231 vobiscum.
507 1189 652 1244 Igitur
679 1189 927 1230 admodum
954 1203 1164 1243 rogamus
1188 1189 1491 1244 Spectabilem
1518 1189 1805 1243 Magnificam
1833 1189 1924 1230 Do-

226 1259 523 1302 minationem
556 1261 669 1311 me,
694 1260 831 1302 faciat
865 1260 1006 1302 nostri
1027 1260 1174 1314 gratia
1195 1265 1239 1301 et
1262 1273 1411 1309 causa,
1434 1264 1486 1301 ut
1508 1260 1596 1301 ista
1616 1259 1925 1315 suprascripta

173 1347 209 1373 15
227 1331 410 1373 heredia
434 1345 524 1373 non
549 1336 868 1386 separarentur
892 1331 995 1373 huic
1021 1335 1159 1385 atque
1184 1331 1273 1380 illo,
1300 1331 1378 1372 sed
1403 1335 1618 1372 maneant
1644 1331 1689 1372 in
1714 1330 1926 1372 manibus

228 1401 501 1457 Wolffgangi
531 1402 789 1452 Balathfiw,
818 1416 908 1460 quo
938 1402 1172 1457 pacatiora
1201 1402 1451 1443 reddantur
1480 1406 1688 1457 tempora
1718 1402 1848 1456 longe
1878 1402 1924 1443 in

229 1473 488 1523 maioribus,
549 1473 929 1529 complacebimus
983 1472 1228 1528 Spectabili
1290 1473 1554 1528 Magnificae
1612 1472 1924 1514 Dominationi

230 1544 431 1586 Vestrae.
471 1544 645 1586 Deinde
680 1544 815 1586 fidem
851 1544 1157 1599 praesentium
1193 1543 1400 1585 servitori
1435 1548 1591 1585 nostro
1625 1544 1680 1585 de
1715 1543 1924 1585 omnibus

233 1629 438 1670 quaeque
473 1615 636 1657 dixerit
672 1615 852 1657 nomine
899 1620 1052 1656 nostro
1089 1614 1291 1656 adhiberi
1326 1614 1475 1656 velitis
1510 1628 1732 1670 rogamus,
1777 1615 1924 1670 Quam

178 1702 213 1728 20
232 1686 345 1728 bene
380 1686 530 1727 valere
566 1686 883 1728 desideramus.

377 1757 549 1799 Datum
564 1757 848 1806 Bachloviae,
874 1756 1075 1798 Sabbato
1099 1757 1227 1812 [post]
1252 1757 1369 1798 diem
1385 1756 1572 1798 Dionisii
1587 1756 1781 1812 episcopi
1798 1766 1923 1810 1540.

372 1848 632 1887 Intitulatio:
669 1847 897 1899 Spectabili
935 1852 977 1885 et
1015 1847 1237 1897 Magnifico
1274 1846 1445 1885 domino
1478 1847 1695 1898 Stephano
1732 1846 1925 1898 Maylath

233 1906 455 1958 capitaneo
484 1907 666 1958 generali
686 1906 1028 1946 Transilvanensi
1048 1910 1143 1952 etc„
1166 1910 1387 1957 tamquam
1418 1906 1552 1945 amico
1582 1911 1623 1944 et
1655 1906 1775 1945 fratri
1805 1906 1927 1945 nobis

234 1967 464 2005 admodum
498 1966 662 2005 dilecto.

178 2068 214 2095 25
392 2050 616 2095 (Originale.
650 2050 843 2095 Orszagos
884 2050 1080 2090 Leveltar,
1123 2051 1341 2095 Budapest.
1376 2049 1782 2095 Nadasdy-leveltar.)

1028 2204 1125 2245 259.

703 2314 891 2363 Ηῑίνῖᾶῑι,
925 2326 992 2367 24.
1027 2313 1288 2369 Septembris
1320 2325 1446 2367 1540.

181 2422 219 2449 30
231 2404 471 2457 Stephanus
501 2403 682 2443 Lacusta
711 2403 895 2442 vaivoda
925 2403 1161 2442 Moldaviae
1191 2402 1457 2442 Ferdinando
1488 2404 1520 2441 Ι.
1553 2403 1638 2454 regi
1669 2402 1924 2454 Hungariae.

373 2505 558 2547 Litterae
584 2504 859 2546 credentiales
884 2504 1041 2545 nuntio
1067 2518 1144 2545 suo
1170 2504 1226 2544 ad
1251 2517 1348 2544 eum
1373 2503 1506 2544 misso
1531 2503 1667 2544 datae.

377 2610 665 2652 Serenissime
703 2610 914 2665 Princeps
951 2614 995 2651 et
1033 2609 1228 2658 domine,
1267 2609 1447 2650 domine
1484 2609 1613 2650 nobis
1651 2608 1793 2650 maior
1828 2623 1926 2663 gra-

236 2681 474 2723 tiosissime
511 2686 594 2723 etc.
642 2681 900 2736 Stephanus
938 2680 1023 2721 Dei
1058 2680 1204 2734 gratia
1238 2679 1469 2721 waievoda
1495 2679 1704 2721 dominus
1729 2684 1774 2720 et
1800 2680 1928 2721 heres

236 2765 369 2794 verus
393 2756 538 2793 terrae
579 2752 833 2793 Moldaviae
874 2756 960 2793 etc.
990 2751 1192 2792 Salutem
1224 2750 1346 2792 omni
1373 2764 1474 2792 cum
1510 2750 1681 2791 sincera
1707 2750 1927 2792 fidelitate

184 2835 220 2861 35
237 2827 281 2864 et
309 2822 578 2864 obedientia.

382 2893 585 2935 Misimus
624 2894 744 2934 hunc
784 2893 960 2934 fidelem
1000 2891 1264 2933 servitorem
1303 2896 1523 2940 nostrum,
1564 2891 1745 2932 nomine
1787 2892 1926 2942 Iwan,

238 2963 297 3005 ad
336 2963 536 3005 Sacraman
579 2962 683 3005 Μῖρἒῐη
715 2964 813 3005 V¹⁸¹¹¹
863 2962 1010 3004 medio
1060 2962 1184 3004 cuius
1236 2963 1454 3003 nonnulla
1507 2962 1739 3003 referenda
1788 2976 1927 3004 nunc-

238 3034 453 3075 tiavimus
490 3034 690 3075 Sacram
743 3027 808 3075 Mti
861 3035 1061 3075 Vestrae.
1124 3032 1268 3087 Igitur
1319 3046 1528 3087 rogamus
1582 3032 1770 3087 Regiam
1822 3031 1926 3074 Mtem

243 3105 337 3146 Vram
366 3109 587 3159 tanquam
615 3104 848 3146 dominum
876 3104 1005 3145 nobis
1044 3103 1363 3158 gratissimum,
1400 3103 1617 3158 quicquid
1645 3103 1764 3144 idem
1785 3103 1928 3145 fidelis

187 3186 222 3212 40
239 3174 429 3216 servitor
466 3179 618 3216 noster
661 3179 815 3216 nostro
860 3174 1040 3216 nomine
1078 3174 1315 3229 protulerit
1358 3174 1500 3215 Sermae
1544 3167 1609 3215 Mti
1654 3175 1757 3223 Vm,
1791 3174 1947 3226 fidem,
