<?xml version="1.0" encoding="UTF-8"?>
<!DOCTYPE html PUBLIC "-//W3C//DTD XHTML 1.0 Transitional//EN"
    "http://www.w3.org/TR/xhtml1/DTD/xhtml1-transitional.dtd">
<html xmlns="http://www.w3.org/1999/xhtml" xml:lang="en" lang="en">
 <head>
  <title>
</title>
<meta http-equiv="Content-Type" content="text/html;charset=utf-8" />
  <meta name='ocr-system' content='tesseract 3.04.00' />
  <meta name='ocr-capabilities' content='ocr_page ocr_carea ocr_par ocr_line ocrx_word'/>
</head>
<body>
  <div class='ocr_page' id='page_1' title='image "actaetepistolaer01vereuoft_0117.png"; bbox 0 0 2209 3643; ppageno 0'>
   <div class='ocr_carea' id='block_1_1' title="bbox 171 180 1862 234">
    <p class='ocr_par' dir='ltr' id='par_1_1' title="bbox 171 180 1862 234">
     <span class='ocr_line' id='line_1_1' title="bbox 171 180 1862 234; baseline -0.004 -15"><span class='ocrx_word' id='word_1_1' title='bbox 171 185 291 220; x_wconf 85' lang='lat' dir='ltr'>Buda</span> <span class='ocrx_word' id='word_1_2' title='bbox 330 180 438 234; x_wconf 84' lang='lat'>1510]</span> <span class='ocrx_word' id='word_1_3' title='bbox 947 183 1021 218; x_wconf 89' lang='lat' dir='ltr'>No.</span> <span class='ocrx_word' id='word_1_4' title='bbox 1046 193 1092 228; x_wconf 93' lang='lat'>77</span> <span class='ocrx_word' id='word_1_5' title='bbox 1795 186 1862 212; x_wconf 86' lang='lat'>101</span> 
     </span>
    </p>
   </div>
   <div class='ocr_carea' id='block_1_2' title="bbox 175 307 2044 512">
    <p class='ocr_par' dir='ltr' id='par_1_2' title="bbox 175 307 2044 512">
     <span class='ocr_line' id='line_1_2' title="bbox 320 307 2044 370; baseline -0.005 -13"><span class='ocrx_word' id='word_1_6' title='bbox 320 315 580 370; x_wconf 84' lang='lat' dir='ltr'>Exequutio</span> <span class='ocrx_word' id='word_1_7' title='bbox 611 314 875 356; x_wconf 70' lang='lat' dir='ltr'>statutionis</span> <span class='ocrx_word' id='word_1_8' title='bbox 907 313 1240 369; x_wconf 76' lang='lat' dir='ltr'>suprascriptae</span> <span class='ocrx_word' id='word_1_9' title='bbox 1260 312 1383 354; x_wconf 79' lang='lat' dir='ltr'>facta</span> <span class='ocrx_word' id='word_1_10' title='bbox 1409 316 1476 353; x_wconf 83' lang='lat' dir='ltr'>cst</span> <span class='ocrx_word' id='word_1_11' title='bbox 1508 310 1552 352; x_wconf 90' lang='lat' dir='ltr'>in</span> <span class='ocrx_word' id='word_1_12' title='bbox 1576 308 1739 364; x_wconf 91' lang='lat' dir='ltr'>Vigilia</span> <span class='ocrx_word' id='word_1_13' title='bbox 1763 307 1866 350; x_wconf 79' lang='lat' dir='ltr'>festi</span> <span class='ocrx_word' id='word_1_14' title='bbox 1891 327 1937 358; x_wconf 82' lang='lat'>29·</span> <span class='ocrx_word' id='word_1_15' title='bbox 1962 319 2044 348; x_wconf 71' lang='lat' dir='ltr'>Nov.</span> 
     </span>
     <span class='ocr_line' id='line_1_3' title="bbox 175 381 1870 440; baseline -0.004 -13"><span class='ocrx_word' id='word_1_16' title='bbox 175 386 307 428; x_wconf 84' lang='lat' dir='ltr'>Beati</span> <span class='ocrx_word' id='word_1_17' title='bbox 333 386 538 428; x_wconf 79' lang='lat' dir='ltr'>Andreae</span> <span class='ocrx_word' id='word_1_18' title='bbox 563 385 772 440; x_wconf 87' lang='lat' dir='ltr'>apostoli,</span> <span class='ocrx_word' id='word_1_19' title='bbox 800 384 1023 439; x_wconf 84' lang='lat' dir='ltr'>certisque</span> <span class='ocrx_word' id='word_1_20' title='bbox 1049 384 1207 426; x_wconf 89' lang='lat' dir='ltr'>diebus</span> <span class='ocrx_word' id='word_1_21' title='bbox 1248 394 1358 437; x_wconf 85' lang='lat'>1510</span> <span class='ocrx_word' id='word_1_22' title='bbox 1385 381 1646 424; x_wconf 79' lang='lat' dir='ltr'>immediate</span> <span class='ocrx_word' id='word_1_23' title='bbox 1679 392 1870 435; x_wconf 87' lang='lat' dir='ltr'>sequen-</span> 
     </span>
     <span class='ocr_line' id='line_1_4' title="bbox 177 454 1865 512; baseline -0.004 -14"><span class='ocrx_word' id='word_1_24' title='bbox 177 457 298 498; x_wconf 80' lang='lat' dir='ltr'>tibus</span> <span class='ocrx_word' id='word_1_25' title='bbox 320 457 379 499; x_wconf 89' lang='lat' dir='ltr'>ad</span> <span class='ocrx_word' id='word_1_26' title='bbox 400 457 537 499; x_wconf 79' lang='lat' dir='ltr'>facies</span> <span class='ocrx_word' id='word_1_27' title='bbox 557 456 668 499; x_wconf 86' lang='lat' dir='ltr'>dicti</span> <span class='ocrx_word' id='word_1_28' title='bbox 690 456 845 511; x_wconf 89' lang='lat' dir='ltr'>oppidi</span> <span class='ocrx_word' id='word_1_29' title='bbox 865 455 1059 512; x_wconf 85' lang='lat' dir='ltr'>Aldyod,</span> <span class='ocrx_word' id='word_1_30' title='bbox 1083 455 1205 497; x_wconf 91' lang='lat' dir='ltr'>nullo</span> <span class='ocrx_word' id='word_1_31' title='bbox 1238 454 1569 496; x_wconf 79' lang='lat' dir='ltr'>contradictore</span> <span class='ocrx_word' id='word_1_32' title='bbox 1602 454 1865 508; x_wconf 80' lang='lat' dir='ltr'>apparente.</span> 
     </span>
    </p>
   </div>
   <div class='ocr_carea' id='block_1_3' title="bbox 807 632 1174 796">
    <p class='ocr_par' dir='ltr' id='par_1_3' title="bbox 807 632 1174 796">
     <span class='ocr_line' id='line_1_5' title="bbox 993 632 1060 672; baseline 0 0"><span class='ocrx_word' id='word_1_33' title='bbox 993 632 1060 672; x_wconf 89' lang='lat'>77.</span> 
     </span>
     <span class='ocr_line' id='line_1_6' title="bbox 807 741 1174 796; baseline 0 -14"><span class='ocrx_word' id='word_1_34' title='bbox 807 741 985 796; x_wconf 47' lang='lat' dir='ltr'>[Euticu</span> <span class='ocrx_word' id='word_1_35' title='bbox 1020 742 1174 796; x_wconf 76' lang='lat'><em>1510]</em></span> 
     </span>
    </p>
   </div>
   <div class='ocr_carea' id='block_1_4' title="bbox 523 832 1513 883">
    <p class='ocr_par' dir='ltr' id='par_1_4' title="bbox 523 832 1513 883">
     <span class='ocr_line' id='line_1_7' title="bbox 523 832 1513 883; baseline -0.001 -12"><span class='ocrx_word' id='word_1_36' title='bbox 523 832 780 872; x_wconf 86' lang='lat' dir='ltr'>Wladislaus</span> <span class='ocrx_word' id='word_1_37' title='bbox 810 833 866 872; x_wconf 90' lang='lat' dir='ltr'>II.</span> <span class='ocrx_word' id='word_1_38' title='bbox 900 845 972 871; x_wconf 81' lang='lat' dir='ltr'>rex</span> <span class='ocrx_word' id='word_1_39' title='bbox 1004 833 1246 883; x_wconf 89' lang='lat' dir='ltr'>Hungariae</span> <span class='ocrx_word' id='word_1_40' title='bbox 1276 832 1513 883; x_wconf 89' lang='lat' dir='ltr'>Anonymo.</span> 
     </span>
    </p>
   </div>
   <div class='ocr_carea' id='block_1_5' title="bbox 174 930 1869 1059">
    <p class='ocr_par' dir='ltr' id='par_1_5' title="bbox 174 930 1869 1059">
     <span class='ocr_line' id='line_1_8' title="bbox 320 930 1869 988; baseline -0.003 -14"><span class='ocrx_word' id='word_1_41' title='bbox 320 933 510 974; x_wconf 73' lang='lat' dir='ltr'>Donatso</span> <span class='ocrx_word' id='word_1_42' title='bbox 543 937 717 988; x_wconf 72' lang='lat' dir='ltr'>propter</span> <span class='ocrx_word' id='word_1_43' title='bbox 751 933 1121 988; x_wconf 50' lang='lat' dir='ltr'>in&amp;remptionem</span> <span class='ocrx_word' id='word_1_44' title='bbox 1158 932 1345 974; x_wconf 68' lang='lat' dir='ltr'>Mihnae</span> <span class='ocrx_word' id='word_1_45' title='bbox 1391 931 1596 973; x_wconf 70' lang='lat' dir='ltr'>vaivodae</span> <span class='ocrx_word' id='word_1_46' title='bbox 1634 930 1869 972; x_wconf 77' lang='lat' dir='ltr'>Valaclziae</span> 
     </span>
     <span class='ocr_line' id='line_1_9' title="bbox 174 1003 511 1059; baseline 0 -14"><span class='ocrx_word' id='word_1_47' title='bbox 174 1003 511 1059; x_wconf 51' lang='lat' dir='ltr'>Transalpina&amp;</span> 
     </span>
    </p>
   </div>
   <div class='ocr_carea' id='block_1_6' title="bbox 117 1108 1873 2724">
    <p class='ocr_par' dir='ltr' id='par_1_6' title="bbox 316 1108 1869 1164">
     <span class='ocr_line' id='line_1_10' title="bbox 316 1108 1869 1164; baseline -0.002 -12"><span class='ocrx_word' id='word_1_48' title='bbox 316 1112 410 1153; x_wconf 93' lang='lat' dir='ltr'>Nos</span> <span class='ocrx_word' id='word_1_49' title='bbox 425 1115 510 1152; x_wconf 90' lang='lat' dir='ltr'>etc.</span> <span class='ocrx_word' id='word_1_50' title='bbox 536 1110 777 1152; x_wconf 83' lang='lat' dir='ltr'>Memoriae</span> <span class='ocrx_word' id='word_1_51' title='bbox 799 1110 1169 1152; x_wconf 76' lang='lat' dir='ltr'>commendamus</span> <span class='ocrx_word' id='word_1_52' title='bbox 1193 1114 1277 1152; x_wconf 89' lang='lat' dir='ltr'>etc.</span> <span class='ocrx_word' id='word_1_53' title='bbox 1307 1109 1440 1164; x_wconf 76' lang='lat' dir='ltr'>Quod</span> <span class='ocrx_word' id='word_1_54' title='bbox 1463 1108 1799 1150; x_wconf 89' lang='lat' dir='ltr'>considerantes</span> <span class='ocrx_word' id='word_1_55' title='bbox 1823 1112 1869 1150; x_wconf 91' lang='lat' dir='ltr'>et</span> 
     </span>
    </p>

    <p class='ocr_par' dir='ltr' id='par_1_7' title="bbox 117 1179 1873 2724">
     <span class='ocr_line' id='line_1_11' title="bbox 118 1179 1868 1238; baseline -0.001 -16"><span class='ocrx_word' id='word_1_56' title='bbox 118 1195 155 1222; x_wconf 92' lang='lat'>10</span> <span class='ocrx_word' id='word_1_57' title='bbox 173 1182 504 1238; x_wconf 80' lang='lat' dir='ltr'>perpendentes</span> <span class='ocrx_word' id='word_1_58' title='bbox 520 1181 793 1223; x_wconf 74' lang='lat' dir='ltr'>fidelitatem</span> <span class='ocrx_word' id='word_1_59' title='bbox 802 1186 846 1223; x_wconf 91' lang='lat' dir='ltr'>et</span> <span class='ocrx_word' id='word_1_60' title='bbox 856 1181 1196 1223; x_wconf 75' lang='lat' dir='ltr'>servitiafidelis</span> <span class='ocrx_word' id='word_1_61' title='bbox 1205 1180 1347 1222; x_wconf 81' lang='lat' dir='ltr'>nostri</span> <span class='ocrx_word' id='word_1_62' title='bbox 1362 1179 1540 1235; x_wconf 86' lang='lat' dir='ltr'>Egregii</span> <span class='ocrx_word' id='word_1_63' title='bbox 1554 1184 1733 1234; x_wconf 91' lang='lat' dir='ltr'>t.‚quae</span> <span class='ocrx_word' id='word_1_64' title='bbox 1748 1179 1868 1221; x_wconf 92' lang='lat' dir='ltr'>idem</span> 
     </span>
     <span class='ocr_line' id='line_1_12' title="bbox 173 1249 1868 1308; baseline -0.002 -13"><span class='ocrx_word' id='word_1_65' title='bbox 173 1267 325 1295; x_wconf 89' lang='lat' dir='ltr'>sacrae</span> <span class='ocrx_word' id='word_1_66' title='bbox 341 1252 562 1308; x_wconf 81' lang='lat' dir='ltr'>imprimis</span> <span class='ocrx_word' id='word_1_67' title='bbox 581 1252 714 1294; x_wconf 87' lang='lat' dir='ltr'>huius</span> <span class='ocrx_word' id='word_1_68' title='bbox 733 1252 856 1307; x_wconf 88' lang='lat' dir='ltr'>regni</span> <span class='ocrx_word' id='word_1_69' title='bbox 876 1253 1019 1293; x_wconf 89' lang='lat' dir='ltr'>nostri</span> <span class='ocrx_word' id='word_1_70' title='bbox 1039 1251 1299 1307; x_wconf 89' lang='lat' dir='ltr'>Hungariae</span> <span class='ocrx_word' id='word_1_71' title='bbox 1308 1265 1497 1293; x_wconf 90' lang='lat' dir='ltr'>coronae</span> <span class='ocrx_word' id='word_1_72' title='bbox 1506 1254 1551 1292; x_wconf 92' lang='lat' dir='ltr'>et</span> <span class='ocrx_word' id='word_1_73' title='bbox 1561 1249 1723 1292; x_wconf 88' lang='lat' dir='ltr'>deinde</span> <span class='ocrx_word' id='word_1_74' title='bbox 1732 1250 1868 1292; x_wconf 91' lang='lat' dir='ltr'>Maie-</span> 
     </span>
     <span class='ocr_line' id='line_1_13' title="bbox 172 1321 1868 1378; baseline -0.002 -13"><span class='ocrx_word' id='word_1_75' title='bbox 172 1324 283 1366; x_wconf 88' lang='lat' dir='ltr'>stati</span> <span class='ocrx_word' id='word_1_76' title='bbox 304 1328 484 1365; x_wconf 87' lang='lat' dir='ltr'>nostrae</span> <span class='ocrx_word' id='word_1_77' title='bbox 494 1323 539 1364; x_wconf 89' lang='lat' dir='ltr'>in</span> <span class='ocrx_word' id='word_1_78' title='bbox 548 1323 630 1372; x_wconf 88' lang='lat' dir='ltr'>his,</span> <span class='ocrx_word' id='word_1_79' title='bbox 649 1338 765 1378; x_wconf 91' lang='lat' dir='ltr'>quae</span> <span class='ocrx_word' id='word_1_80' title='bbox 780 1328 993 1365; x_wconf 89' lang='lat' dir='ltr'>tutamen</span> <span class='ocrx_word' id='word_1_81' title='bbox 1007 1328 1051 1364; x_wconf 92' lang='lat' dir='ltr'>et</span> <span class='ocrx_word' id='word_1_82' title='bbox 1068 1323 1375 1365; x_wconf 77' lang='lat' dir='ltr'>defensionem</span> <span class='ocrx_word' id='word_1_83' title='bbox 1392 1321 1592 1377; x_wconf 91' lang='lat' dir='ltr'>partium</span> <span class='ocrx_word' id='word_1_84' title='bbox 1607 1325 1868 1363; x_wconf 88' lang='lat' dir='ltr'>nostrarum</span> 
     </span>
     <span class='ocr_line' id='line_1_14' title="bbox 172 1393 1870 1449; baseline -0.002 -13"><span class='ocrx_word' id='word_1_85' title='bbox 172 1395 435 1437; x_wconf 74' lang='lat' dir='ltr'>inferiorum</span> <span class='ocrx_word' id='word_1_86' title='bbox 462 1399 752 1443; x_wconf 87' lang='lat' dir='ltr'>concernunt,</span> <span class='ocrx_word' id='word_1_87' title='bbox 782 1399 1007 1449; x_wconf 91' lang='lat' dir='ltr'>quantum</span> <span class='ocrx_word' id='word_1_88' title='bbox 1034 1394 1079 1435; x_wconf 90' lang='lat' dir='ltr'>in</span> <span class='ocrx_word' id='word_1_89' title='bbox 1106 1408 1157 1435; x_wconf 92' lang='lat' dir='ltr'>eo</span> <span class='ocrx_word' id='word_1_90' title='bbox 1184 1398 1251 1435; x_wconf 91' lang='lat' dir='ltr'>est</span> <span class='ocrx_word' id='word_1_91' title='bbox 1278 1398 1323 1435; x_wconf 92' lang='lat' dir='ltr'>et</span> <span class='ocrx_word' id='word_1_92' title='bbox 1350 1393 1451 1442; x_wconf 82' lang='lat' dir='ltr'>fuit,</span> <span class='ocrx_word' id='word_1_93' title='bbox 1480 1397 1664 1434; x_wconf 88' lang='lat' dir='ltr'>strenuo</span> <span class='ocrx_word' id='word_1_94' title='bbox 1693 1406 1870 1447; x_wconf 87' lang='lat' dir='ltr'>semper</span> 
     </span>
     <span class='ocr_line' id='line_1_15' title="bbox 173 1463 1869 1520; baseline -0.002 -12"><span class='ocrx_word' id='word_1_95' title='bbox 173 1481 224 1508; x_wconf 92' lang='lat' dir='ltr'>ac</span> <span class='ocrx_word' id='word_1_96' title='bbox 255 1465 485 1508; x_wconf 87' lang='lat' dir='ltr'>constanti</span> <span class='ocrx_word' id='word_1_97' title='bbox 515 1465 666 1506; x_wconf 89' lang='lat' dir='ltr'>animo</span> <span class='ocrx_word' id='word_1_98' title='bbox 697 1465 786 1506; x_wconf 84' lang='lat' dir='ltr'>fide</span> <span class='ocrx_word' id='word_1_99' title='bbox 817 1464 1104 1520; x_wconf 85' lang='lat' dir='ltr'>integerrima</span> <span class='ocrx_word' id='word_1_100' title='bbox 1134 1464 1179 1506; x_wconf 93' lang='lat' dir='ltr'>in</span> <span class='ocrx_word' id='word_1_101' title='bbox 1209 1464 1419 1506; x_wconf 88' lang='lat' dir='ltr'>omnibus</span> <span class='ocrx_word' id='word_1_102' title='bbox 1450 1463 1659 1505; x_wconf 81' lang='lat' dir='ltr'>fortunae</span> <span class='ocrx_word' id='word_1_103' title='bbox 1689 1463 1869 1505; x_wconf 88' lang='lat' dir='ltr'>casibus</span> 
     </span>
     <span class='ocr_line' id='line_1_16' title="bbox 119 1534 1869 1591; baseline -0.001 -14"><span class='ocrx_word' id='word_1_104' title='bbox 119 1550 158 1577; x_wconf 84' lang='lat'>15</span> <span class='ocrx_word' id='word_1_105' title='bbox 173 1536 379 1579; x_wconf 86' lang='lat' dir='ltr'>exhibuit</span> <span class='ocrx_word' id='word_1_106' title='bbox 400 1541 446 1578; x_wconf 88' lang='lat' dir='ltr'>et</span> <span class='ocrx_word' id='word_1_107' title='bbox 479 1536 715 1591; x_wconf 88' lang='lat' dir='ltr'>impendit,</span> <span class='ocrx_word' id='word_1_108' title='bbox 738 1540 872 1591; x_wconf 92' lang='lat' dir='ltr'>prout</span> <span class='ocrx_word' id='word_1_109' title='bbox 915 1536 1125 1591; x_wconf 82' lang='lat' dir='ltr'>deinceps</span> <span class='ocrx_word' id='word_1_110' title='bbox 1158 1549 1339 1590; x_wconf 93' lang='lat' dir='ltr'>quoque</span> <span class='ocrx_word' id='word_1_111' title='bbox 1370 1549 1425 1576; x_wconf 78' lang='lat' dir='ltr'>ex</span> <span class='ocrx_word' id='word_1_112' title='bbox 1460 1534 1614 1576; x_wconf 90' lang='lat' dir='ltr'>debito</span> <span class='ocrx_word' id='word_1_113' title='bbox 1657 1534 1869 1576; x_wconf 81' lang='lat' dir='ltr'>exhibere</span> 
     </span>
     <span class='ocr_line' id='line_1_17' title="bbox 172 1605 1869 1661; baseline -0.002 -11"><span class='ocrx_word' id='word_1_114' title='bbox 172 1608 416 1657; x_wconf 87' lang='lat' dir='ltr'>tenebitur,</span> <span class='ocrx_word' id='word_1_115' title='bbox 438 1608 629 1649; x_wconf 90' lang='lat' dir='ltr'>totalem</span> <span class='ocrx_word' id='word_1_116' title='bbox 663 1612 708 1648; x_wconf 93' lang='lat' dir='ltr'>et</span> <span class='ocrx_word' id='word_1_117' title='bbox 743 1607 965 1661; x_wconf 90' lang='lat' dir='ltr'>integram</span> <span class='ocrx_word' id='word_1_118' title='bbox 1000 1607 1122 1648; x_wconf 91' lang='lat' dir='ltr'>illam</span> <span class='ocrx_word' id='word_1_119' title='bbox 1157 1611 1334 1661; x_wconf 90' lang='lat' dir='ltr'>partem</span> <span class='ocrx_word' id='word_1_120' title='bbox 1369 1611 1414 1647; x_wconf 91' lang='lat' dir='ltr'>et</span> <span class='ocrx_word' id='word_1_121' title='bbox 1449 1605 1718 1660; x_wconf 88' lang='lat' dir='ltr'>portionem,</span> <span class='ocrx_word' id='word_1_122' title='bbox 1751 1619 1869 1660; x_wconf 91' lang='lat' dir='ltr'>quae</span> 
     </span>
     <span class='ocr_line' id='line_1_18' title="bbox 172 1676 1869 1734; baseline -0.002 -13"><span class='ocrx_word' id='word_1_123' title='bbox 172 1679 415 1734; x_wconf 82' lang='lat' dir='ltr'>Egregium</span> <span class='ocrx_word' id='word_1_124' title='bbox 430 1678 624 1720; x_wconf 87' lang='lat' dir='ltr'>condam</span> <span class='ocrx_word' id='word_1_125' title='bbox 647 1678 930 1719; x_wconf 89' lang='lat' dir='ltr'>Demetrium</span> <span class='ocrx_word' id='word_1_126' title='bbox 950 1678 1127 1733; x_wconf 77' lang='lat' dir='ltr'>jaxyth</span> <span class='ocrx_word' id='word_1_127' title='bbox 1143 1677 1329 1718; x_wconf 79' lang='lat' dir='ltr'>fratrem</span> <span class='ocrx_word' id='word_1_128' title='bbox 1349 1677 1574 1718; x_wconf 90' lang='lat' dir='ltr'>carnalem</span> <span class='ocrx_word' id='word_1_129' title='bbox 1589 1676 1729 1731; x_wconf 92' lang='lat' dir='ltr'>ipsius</span> <span class='ocrx_word' id='word_1_130' title='bbox 1744 1676 1869 1718; x_wconf 90' lang='lat' dir='ltr'>Petri</span> 
     </span>
     <span class='ocr_line' id='line_1_19' title="bbox 173 1747 1870 1804; baseline -0.002 -12"><span class='ocrx_word' id='word_1_131' title='bbox 173 1765 229 1792; x_wconf 86' lang='lat' dir='ltr'>ex</span> <span class='ocrx_word' id='word_1_132' title='bbox 243 1750 464 1792; x_wconf 88' lang='lat' dir='ltr'>universis</span> <span class='ocrx_word' id='word_1_133' title='bbox 482 1749 653 1798; x_wconf 90' lang='lat' dir='ltr'>castris,</span> <span class='ocrx_word' id='word_1_134' title='bbox 671 1749 878 1797; x_wconf 85' lang='lat' dir='ltr'>castellis,</span> <span class='ocrx_word' id='word_1_135' title='bbox 896 1748 1089 1804; x_wconf 91' lang='lat' dir='ltr'>oppidis,</span> <span class='ocrx_word' id='word_1_136' title='bbox 1106 1748 1475 1803; x_wconf 88' lang='lat' dir='ltr'>possessionibus,</span> <span class='ocrx_word' id='word_1_137' title='bbox 1494 1747 1870 1802; x_wconf 89' lang='lat' dir='ltr'>portionibusque</span> 
     </span>
     <span class='ocr_line' id='line_1_20' title="bbox 173 1818 1870 1875; baseline -0.002 -12"><span class='ocrx_word' id='word_1_138' title='bbox 173 1826 218 1863; x_wconf 92' lang='lat' dir='ltr'>et</span> <span class='ocrx_word' id='word_1_139' title='bbox 245 1821 454 1863; x_wconf 90' lang='lat' dir='ltr'>omnibus</span> <span class='ocrx_word' id='word_1_140' title='bbox 480 1820 651 1862; x_wconf 89' lang='lat' dir='ltr'>iuribus</span> <span class='ocrx_word' id='word_1_141' title='bbox 676 1820 1035 1875; x_wconf 86' lang='lat' dir='ltr'>possessionariis</span> <span class='ocrx_word' id='word_1_142' title='bbox 1061 1819 1241 1861; x_wconf 85' lang='lat' dir='ltr'>eosdem</span> <span class='ocrx_word' id='word_1_143' title='bbox 1267 1819 1460 1860; x_wconf 91' lang='lat' dir='ltr'>condam</span> <span class='ocrx_word' id='word_1_144' title='bbox 1486 1823 1519 1860; x_wconf 92' lang='lat' dir='ltr'>t.</span> <span class='ocrx_word' id='word_1_145' title='bbox 1547 1823 1592 1860; x_wconf 91' lang='lat' dir='ltr'>et</span> <span class='ocrx_word' id='word_1_146' title='bbox 1619 1823 1652 1859; x_wconf 93' lang='lat' dir='ltr'>t.</span> <span class='ocrx_word' id='word_1_147' title='bbox 1682 1818 1870 1859; x_wconf 76' lang='lat' dir='ltr'>fratrem</span> 
     </span>
     <span class='ocr_line' id='line_1_21' title="bbox 120 1888 1870 1947; baseline -0.001 -16"><span class='ocrx_word' id='word_1_148' title='bbox 120 1905 156 1931; x_wconf 80' lang='lat'>20</span> <span class='ocrx_word' id='word_1_149' title='bbox 173 1893 268 1934; x_wconf 90' lang='lat' dir='ltr'>eius</span> <span class='ocrx_word' id='word_1_150' title='bbox 302 1892 480 1947; x_wconf 89' lang='lat' dir='ltr'>aequali</span> <span class='ocrx_word' id='word_1_151' title='bbox 514 1892 608 1933; x_wconf 88' lang='lat' dir='ltr'>iure</span> <span class='ocrx_word' id='word_1_152' title='bbox 643 1891 1018 1933; x_wconf 89' lang='lat' dir='ltr'>concernentibus</span> <span class='ocrx_word' id='word_1_153' title='bbox 1053 1890 1286 1945; x_wconf 90' lang='lat' dir='ltr'>tangebat,</span> <span class='ocrx_word' id='word_1_154' title='bbox 1323 1903 1530 1944; x_wconf 88' lang='lat' dir='ltr'>quaeque</span> <span class='ocrx_word' id='word_1_155' title='bbox 1564 1888 1870 1944; x_wconf 89' lang='lat' dir='ltr'>superioribus</span> 
     </span>
     <span class='ocr_line' id='line_1_22' title="bbox 173 1959 1870 2018; baseline -0.002 -13"><span class='ocrx_word' id='word_1_156' title='bbox 173 1963 331 2005; x_wconf 89' lang='lat' dir='ltr'>diebus</span> <span class='ocrx_word' id='word_1_157' title='bbox 358 1977 424 2012; x_wconf 87' lang='lat' dir='ltr'>eo,</span> <span class='ocrx_word' id='word_1_158' title='bbox 454 1962 578 2018; x_wconf 91' lang='lat' dir='ltr'>quod</span> <span class='ocrx_word' id='word_1_159' title='bbox 605 1962 724 2004; x_wconf 91' lang='lat' dir='ltr'>idem</span> <span class='ocrx_word' id='word_1_160' title='bbox 753 1962 945 2004; x_wconf 87' lang='lat' dir='ltr'>condam</span> <span class='ocrx_word' id='word_1_161' title='bbox 973 1966 1005 2003; x_wconf 92' lang='lat' dir='ltr'>t.</span> <span class='ocrx_word' id='word_1_162' title='bbox 1038 1961 1275 2002; x_wconf 90' lang='lat' dir='ltr'>immemor</span> <span class='ocrx_word' id='word_1_163' title='bbox 1291 1960 1397 2002; x_wconf 80' lang='lat' dir='ltr'>fidei</span> <span class='ocrx_word' id='word_1_164' title='bbox 1425 1965 1469 2002; x_wconf 93' lang='lat' dir='ltr'>et</span> <span class='ocrx_word' id='word_1_165' title='bbox 1498 1959 1735 2002; x_wconf 80' lang='lat' dir='ltr'>fidelitatis</span> <span class='ocrx_word' id='word_1_166' title='bbox 1762 1973 1870 2001; x_wconf 91' lang='lat' dir='ltr'>suae</span> 
     </span>
     <span class='ocr_line' id='line_1_23' title="bbox 171 2030 1870 2076; baseline -0.003 0"><span class='ocrx_word' id='word_1_167' title='bbox 171 2034 302 2076; x_wconf 88' lang='lat' dir='ltr'>nobis</span> <span class='ocrx_word' id='word_1_168' title='bbox 329 2038 374 2076; x_wconf 90' lang='lat' dir='ltr'>et</span> <span class='ocrx_word' id='word_1_169' title='bbox 401 2047 554 2076; x_wconf 90' lang='lat' dir='ltr'>sacrae</span> <span class='ocrx_word' id='word_1_170' title='bbox 582 2047 772 2075; x_wconf 92' lang='lat' dir='ltr'>coronae</span> <span class='ocrx_word' id='word_1_171' title='bbox 799 2038 979 2074; x_wconf 88' lang='lat' dir='ltr'>nostrae</span> <span class='ocrx_word' id='word_1_172' title='bbox 1007 2032 1187 2074; x_wconf 90' lang='lat' dir='ltr'>debitae</span> <span class='ocrx_word' id='word_1_173' title='bbox 1214 2045 1306 2073; x_wconf 91' lang='lat' dir='ltr'>non</span> <span class='ocrx_word' id='word_1_174' title='bbox 1333 2031 1504 2072; x_wconf 87' lang='lat' dir='ltr'>veritus</span> <span class='ocrx_word' id='word_1_175' title='bbox 1531 2031 1671 2072; x_wconf 87' lang='lat' dir='ltr'>etiam</span> <span class='ocrx_word' id='word_1_176' title='bbox 1698 2030 1870 2072; x_wconf 87' lang='lat' dir='ltr'>violare</span> 
     </span>
     <span class='ocr_line' id='line_1_24' title="bbox 172 2101 1870 2160; baseline -0.002 -13"><span class='ocrx_word' id='word_1_177' title='bbox 172 2105 311 2147; x_wconf 83' lang='lat' dir='ltr'>fidem</span> <span class='ocrx_word' id='word_1_178' title='bbox 336 2109 381 2147; x_wconf 91' lang='lat' dir='ltr'>et</span> <span class='ocrx_word' id='word_1_179' title='bbox 407 2104 753 2160; x_wconf 91' lang='lat' dir='ltr'>promissionem</span> <span class='ocrx_word' id='word_1_180' title='bbox 778 2108 995 2151; x_wconf 91' lang='lat' dir='ltr'>nostram,</span> <span class='ocrx_word' id='word_1_181' title='bbox 1024 2117 1161 2158; x_wconf 90' lang='lat' dir='ltr'>quam</span> <span class='ocrx_word' id='word_1_182' title='bbox 1186 2116 1268 2144; x_wconf 92' lang='lat' dir='ltr'>nos</span> <span class='ocrx_word' id='word_1_183' title='bbox 1294 2102 1419 2143; x_wconf 80' lang='lat' dir='ltr'>fideli</span> <span class='ocrx_word' id='word_1_184' title='bbox 1444 2106 1599 2143; x_wconf 90' lang='lat' dir='ltr'>nostro</span> <span class='ocrx_word' id='word_1_185' title='bbox 1622 2101 1870 2157; x_wconf 83' lang='lat' dir='ltr'>Spectabili</span> 
     </span>
     <span class='ocr_line' id='line_1_25' title="bbox 172 2172 1870 2231; baseline -0.003 -13"><span class='ocrx_word' id='word_1_186' title='bbox 172 2180 216 2218; x_wconf 88' lang='lat' dir='ltr'>et</span> <span class='ocrx_word' id='word_1_187' title='bbox 266 2176 508 2231; x_wconf 83' lang='lat' dir='ltr'>Magnifico</span> <span class='ocrx_word' id='word_1_188' title='bbox 556 2176 752 2231; x_wconf 89' lang='lat' dir='ltr'>Myhnae</span> <span class='ocrx_word' id='word_1_189' title='bbox 800 2174 1058 2230; x_wconf 82' lang='lat' dir='ltr'>waywodae</span> <span class='ocrx_word' id='word_1_190' title='bbox 1096 2173 1295 2228; x_wconf 89' lang='lat' dir='ltr'>partium</span> <span class='ocrx_word' id='word_1_191' title='bbox 1331 2173 1454 2227; x_wconf 92' lang='lat' dir='ltr'>regni</span> <span class='ocrx_word' id='word_1_192' title='bbox 1509 2173 1652 2214; x_wconf 87' lang='lat' dir='ltr'>nostri</span> <span class='ocrx_word' id='word_1_193' title='bbox 1707 2172 1870 2214; x_wconf 89' lang='lat' dir='ltr'>Trans-</span> 
     </span>
     <span class='ocr_line' id='line_1_26' title="bbox 117 2243 1869 2302; baseline -0.001 -16"><span class='ocrx_word' id='word_1_194' title='bbox 117 2259 156 2286; x_wconf 82' lang='lat'>25</span> <span class='ocrx_word' id='word_1_195' title='bbox 173 2247 449 2302; x_wconf 87' lang='lat' dir='ltr'>alpinarum1</span> <span class='ocrx_word' id='word_1_196' title='bbox 483 2246 750 2288; x_wconf 90' lang='lat' dir='ltr'>dederamus</span> <span class='ocrx_word' id='word_1_197' title='bbox 782 2250 940 2288; x_wconf 87' lang='lat' dir='ltr'>contra</span> <span class='ocrx_word' id='word_1_198' title='bbox 968 2244 1227 2286; x_wconf 90' lang='lat' dir='ltr'>huiusmodi</span> <span class='ocrx_word' id='word_1_199' title='bbox 1257 2243 1395 2285; x_wconf 81' lang='lat' dir='ltr'>fidem</span> <span class='ocrx_word' id='word_1_200' title='bbox 1437 2247 1482 2285; x_wconf 91' lang='lat' dir='ltr'>et</span> <span class='ocrx_word' id='word_1_201' title='bbox 1525 2243 1869 2298; x_wconf 88' lang='lat' dir='ltr'>promissionem</span> 
     </span>
     <span class='ocr_line' id='line_1_27' title="bbox 172 2314 1868 2370; baseline -0.002 -10"><span class='ocrx_word' id='word_1_202' title='bbox 172 2323 377 2360; x_wconf 89' lang='lat' dir='ltr'>nostram</span> <span class='ocrx_word' id='word_1_203' title='bbox 417 2322 587 2359; x_wconf 89' lang='lat' dir='ltr'>temere</span> <span class='ocrx_word' id='word_1_204' title='bbox 628 2322 674 2359; x_wconf 91' lang='lat' dir='ltr'>et</span> <span class='ocrx_word' id='word_1_205' title='bbox 715 2317 910 2358; x_wconf 92' lang='lat' dir='ltr'>indebile</span> <span class='ocrx_word' id='word_1_206' title='bbox 951 2330 1002 2357; x_wconf 90' lang='lat' dir='ltr'>ac</span> <span class='ocrx_word' id='word_1_207' title='bbox 1045 2315 1181 2370; x_wconf 90' lang='lat' dir='ltr'>impie</span> <span class='ocrx_word' id='word_1_208' title='bbox 1221 2314 1414 2356; x_wconf 90' lang='lat' dir='ltr'>eundem</span> <span class='ocrx_word' id='word_1_209' title='bbox 1456 2319 1488 2356; x_wconf 92' lang='lat' dir='ltr'>t.</span> <span class='ocrx_word' id='word_1_210' title='bbox 1532 2314 1781 2356; x_wconf 88' lang='lat' dir='ltr'>trucidavit</span> <span class='ocrx_word' id='word_1_211' title='bbox 1822 2319 1868 2356; x_wconf 92' lang='lat' dir='ltr'>et</span> 
     </span>
     <span class='ocr_line' id='line_1_28' title="bbox 172 2385 1871 2442; baseline -0.002 -12"><span class='ocrx_word' id='word_1_212' title='bbox 172 2388 417 2438; x_wconf 89' lang='lat' dir='ltr'>interemit,</span> <span class='ocrx_word' id='word_1_213' title='bbox 443 2388 502 2430; x_wconf 90' lang='lat' dir='ltr'>ad</span> <span class='ocrx_word' id='word_1_214' title='bbox 525 2402 607 2430; x_wconf 91' lang='lat' dir='ltr'>nos</span> <span class='ocrx_word' id='word_1_215' title='bbox 631 2388 893 2442; x_wconf 88' lang='lat' dir='ltr'>dictamque</span> <span class='ocrx_word' id='word_1_216' title='bbox 938 2400 1113 2428; x_wconf 91' lang='lat' dir='ltr'>sacram</span> <span class='ocrx_word' id='word_1_217' title='bbox 1137 2386 1260 2440; x_wconf 90' lang='lat' dir='ltr'>regni</span> <span class='ocrx_word' id='word_1_218' title='bbox 1284 2385 1418 2426; x_wconf 90' lang='lat' dir='ltr'>huius</span> <span class='ocrx_word' id='word_1_219' title='bbox 1441 2385 1584 2427; x_wconf 89' lang='lat' dir='ltr'>nostri</span> <span class='ocrx_word' id='word_1_220' title='bbox 1608 2385 1871 2440; x_wconf 89' lang='lat' dir='ltr'>Hungariae</span> 
     </span>
     <span class='ocr_line' id='line_1_29' title="bbox 174 2456 1872 2514; baseline -0.002 -13"><span class='ocrx_word' id='word_1_221' title='bbox 174 2473 386 2501; x_wconf 90' lang='lat' dir='ltr'>coronam</span> <span class='ocrx_word' id='word_1_222' title='bbox 441 2463 860 2514; x_wconf 88' lang='lat' dir='ltr'>consequenterque</span> <span class='ocrx_word' id='word_1_223' title='bbox 915 2457 1202 2499; x_wconf 90' lang='lat' dir='ltr'>collationem</span> <span class='ocrx_word' id='word_1_224' title='bbox 1256 2461 1460 2497; x_wconf 90' lang='lat' dir='ltr'>nostram</span> <span class='ocrx_word' id='word_1_225' title='bbox 1514 2456 1683 2511; x_wconf 90' lang='lat' dir='ltr'>regiam</span> <span class='ocrx_word' id='word_1_226' title='bbox 1740 2456 1872 2498; x_wconf 83' lang='lat' dir='ltr'>iuxta</span> 
     </span>
     <span class='ocr_line' id='line_1_30' title="bbox 174 2527 1871 2585; baseline -0.002 -13"><span class='ocrx_word' id='word_1_227' title='bbox 174 2530 413 2585; x_wconf 87' lang='lat' dir='ltr'>antiquam</span> <span class='ocrx_word' id='word_1_228' title='bbox 457 2535 502 2572; x_wconf 91' lang='lat' dir='ltr'>et</span> <span class='ocrx_word' id='word_1_229' title='bbox 549 2530 853 2585; x_wconf 87' lang='lat' dir='ltr'>approbatam</span> <span class='ocrx_word' id='word_1_230' title='bbox 897 2528 1097 2570; x_wconf 91' lang='lat' dir='ltr'>eiusdem</span> <span class='ocrx_word' id='word_1_231' title='bbox 1142 2527 1265 2582; x_wconf 90' lang='lat' dir='ltr'>regni</span> <span class='ocrx_word' id='word_1_232' title='bbox 1308 2527 1452 2568; x_wconf 88' lang='lat' dir='ltr'>nostri</span> <span class='ocrx_word' id='word_1_233' title='bbox 1496 2527 1871 2569; x_wconf 88' lang='lat' dir='ltr'>consuetudinem</span> 
     </span>
     <span class='ocr_line' id='line_1_31' title="bbox 120 2597 1869 2656; baseline -0.002 -14"><span class='ocrx_word' id='word_1_234' title='bbox 120 2612 156 2638; x_wconf 80' lang='lat'>30</span> <span class='ocrx_word' id='word_1_235' title='bbox 174 2605 313 2656; x_wconf 88' lang='lat' dir='ltr'>atque</span> <span class='ocrx_word' id='word_1_236' title='bbox 341 2601 484 2656; x_wconf 88' lang='lat' dir='ltr'>legem</span> <span class='ocrx_word' id='word_1_237' title='bbox 513 2601 598 2643; x_wconf 90' lang='lat' dir='ltr'>rite</span> <span class='ocrx_word' id='word_1_238' title='bbox 627 2605 672 2643; x_wconf 93' lang='lat' dir='ltr'>et</span> <span class='ocrx_word' id='word_1_239' title='bbox 702 2600 904 2655; x_wconf 81' lang='lat' dir='ltr'>legitime</span> <span class='ocrx_word' id='word_1_240' title='bbox 934 2598 1151 2640; x_wconf 89' lang='lat' dir='ltr'>devoluta</span> <span class='ocrx_word' id='word_1_241' title='bbox 1179 2611 1273 2639; x_wconf 90' lang='lat' dir='ltr'>esse</span> <span class='ocrx_word' id='word_1_242' title='bbox 1303 2597 1565 2652; x_wconf 90' lang='lat' dir='ltr'>perhibetur</span> <span class='ocrx_word' id='word_1_243' title='bbox 1594 2602 1639 2639; x_wconf 92' lang='lat' dir='ltr'>et</span> <span class='ocrx_word' id='word_1_244' title='bbox 1668 2598 1869 2646; x_wconf 90' lang='lat' dir='ltr'>redacta,</span> 
     </span>
     <span class='ocr_line' id='line_1_32' title="bbox 174 2668 1873 2724; baseline -0.002 -12"><span class='ocrx_word' id='word_1_245' title='bbox 174 2671 310 2713; x_wconf 90' lang='lat' dir='ltr'>simul</span> <span class='ocrx_word' id='word_1_246' title='bbox 322 2686 425 2713; x_wconf 91' lang='lat' dir='ltr'>cum</span> <span class='ocrx_word' id='word_1_247' title='bbox 437 2672 613 2714; x_wconf 90' lang='lat' dir='ltr'>cunctis</span> <span class='ocrx_word' id='word_1_248' title='bbox 637 2671 728 2713; x_wconf 90' lang='lat' dir='ltr'>suis</span> <span class='ocrx_word' id='word_1_249' title='bbox 753 2670 1032 2713; x_wconf 87' lang='lat' dir='ltr'>utilitatibus</span> <span class='ocrx_word' id='word_1_250' title='bbox 1057 2673 1102 2711; x_wconf 92' lang='lat' dir='ltr'>et</span> <span class='ocrx_word' id='word_1_251' title='bbox 1126 2668 1411 2724; x_wconf 88' lang='lat' dir='ltr'>pertinentiis</span> <span class='ocrx_word' id='word_1_252' title='bbox 1438 2668 1730 2723; x_wconf 90' lang='lat' dir='ltr'>quibuslibet,</span> <span class='ocrx_word' id='word_1_253' title='bbox 1757 2673 1873 2723; x_wconf 90' lang='lat' dir='ltr'>puta</span> 
     </span>
    </p>
   </div>
   <div class='ocr_carea' id='block_1_7' title="bbox 123 2809 1874 3212">
    <p class='ocr_par' dir='ltr' id='par_1_8' title="bbox 174 2809 1872 2975">
     <span class='ocr_line' id='line_1_33' title="bbox 323 2809 1871 2855; baseline -0.001 -8"><span class='ocrx_word' id='word_1_254' title='bbox 323 2813 338 2834; x_wconf 83' lang='lat'>1</span> <span class='ocrx_word' id='word_1_255' title='bbox 353 2812 524 2847; x_wconf 89' lang='lat' dir='ltr'>Caedem</span> <span class='ocrx_word' id='word_1_256' title='bbox 551 2813 712 2848; x_wconf 90' lang='lat' dir='ltr'>Mihnae</span> <span class='ocrx_word' id='word_1_257' title='bbox 740 2812 936 2847; x_wconf 89' lang='lat' dir='ltr'>vaivodae</span> <span class='ocrx_word' id='word_1_258' title='bbox 955 2811 991 2844; x_wconf 88' lang='lat' dir='ltr'>V</span> <span class='ocrx_word' id='word_1_259' title='bbox 992 2810 1180 2849; x_wconf 85' lang='lat' dir='ltr'>alachiae,</span> <span class='ocrx_word' id='word_1_260' title='bbox 1198 2809 1267 2855; x_wconf 87' lang='lat' dir='ltr'>qui</span> <span class='ocrx_word' id='word_1_261' title='bbox 1282 2809 1499 2854; x_wconf 86' lang='lat' dir='ltr'>impetrata</span> <span class='ocrx_word' id='word_1_262' title='bbox 1514 2810 1566 2844; x_wconf 87' lang='lat' dir='ltr'>ab</span> <span class='ocrx_word' id='word_1_263' title='bbox 1582 2809 1798 2844; x_wconf 85' lang='lat' dir='ltr'>VVladislao</span> <span class='ocrx_word' id='word_1_264' title='bbox 1814 2810 1871 2845; x_wconf 92' lang='lat' dir='ltr'>II.</span> 
     </span>
     <span class='ocr_line' id='line_1_34' title="bbox 174 2868 1872 2917; baseline -0.001 -12"><span class='ocrx_word' id='word_1_265' title='bbox 174 2871 254 2906; x_wconf 90' lang='lat' dir='ltr'>fide</span> <span class='ocrx_word' id='word_1_266' title='bbox 284 2871 445 2916; x_wconf 85' lang='lat' dir='ltr'>publica</span> <span class='ocrx_word' id='word_1_267' title='bbox 486 2871 630 2906; x_wconf 87' lang='lat' dir='ltr'>Cibinii</span> <span class='ocrx_word' id='word_1_268' title='bbox 672 2871 829 2917; x_wconf 88' lang='lat' dir='ltr'>agebat,</span> <span class='ocrx_word' id='word_1_269' title='bbox 875 2870 995 2904; x_wconf 80' lang='lat' dir='ltr'>refert</span> <span class='ocrx_word' id='word_1_270' title='bbox 1038 2868 1224 2903; x_wconf 89' lang='lat' dir='ltr'>Nicolaus</span> <span class='ocrx_word' id='word_1_271' title='bbox 1255 2868 1406 2902; x_wconf 90' lang='lat' dir='ltr'>Olahus</span> <span class='ocrx_word' id='word_1_272' title='bbox 1440 2868 1662 2913; x_wconf 86' lang='lat' dir='ltr'>(Hungaria</span> <span class='ocrx_word' id='word_1_273' title='bbox 1691 2871 1732 2903; x_wconf 90' lang='lat' dir='ltr'>et</span> <span class='ocrx_word' id='word_1_274' title='bbox 1762 2868 1872 2904; x_wconf 83' lang='lat' dir='ltr'>Atila</span> 
     </span>
     <span class='ocr_line' id='line_1_35' title="bbox 177 2927 1870 2975; baseline -0.001 -11"><span class='ocrx_word' id='word_1_275' title='bbox 177 2940 263 2975; x_wconf 85' lang='lat' dir='ltr'>cap.</span> <span class='ocrx_word' id='word_1_276' title='bbox 298 2930 371 2974; x_wconf 88' lang='lat'>12.)</span> <span class='ocrx_word' id='word_1_277' title='bbox 403 2933 444 2964; x_wconf 87' lang='lat' dir='ltr'>et</span> <span class='ocrx_word' id='word_1_278' title='bbox 468 2930 661 2975; x_wconf 87' lang='lat' dir='ltr'>Sieglerus</span> <span class='ocrx_word' id='word_1_279' title='bbox 685 2929 959 2975; x_wconf 82' lang='lat' dir='ltr'>(Chronologia</span> <span class='ocrx_word' id='word_1_280' title='bbox 980 2938 1109 2962; x_wconf 88' lang='lat' dir='ltr'>rerum</span> <span class='ocrx_word' id='word_1_281' title='bbox 1130 2927 1464 2972; x_wconf 88' lang='lat' dir='ltr'>Hungaricarum)</span> <span class='ocrx_word' id='word_1_282' title='bbox 1497 2927 1548 2961; x_wconf 89' lang='lat' dir='ltr'>ad</span> <span class='ocrx_word' id='word_1_283' title='bbox 1577 2938 1729 2962; x_wconf 90' lang='lat' dir='ltr'>annum</span> <span class='ocrx_word' id='word_1_284' title='bbox 1761 2938 1870 2973; x_wconf 88' lang='lat'>1510.</span> 
     </span>
    </p>

    <p class='ocr_par' dir='ltr' id='par_1_9' title="bbox 123 2986 1874 3212">
     <span class='ocr_line' id='line_1_36' title="bbox 123 2986 1873 3034; baseline -0.001 -12"><span class='ocrx_word' id='word_1_285' title='bbox 123 2988 162 3015; x_wconf 81' lang='lat'>35</span> <span class='ocrx_word' id='word_1_286' title='bbox 177 2989 325 3023; x_wconf 86' lang='lat' dir='ltr'>Caedes</span> <span class='ocrx_word' id='word_1_287' title='bbox 351 2989 449 3023; x_wconf 88' lang='lat' dir='ltr'>haee</span> <span class='ocrx_word' id='word_1_288' title='bbox 475 2992 640 3034; x_wconf 88' lang='lat' dir='ltr'>peracta</span> <span class='ocrx_word' id='word_1_289' title='bbox 666 2992 727 3023; x_wconf 89' lang='lat' dir='ltr'>est</span> <span class='ocrx_word' id='word_1_290' title='bbox 754 2988 898 3023; x_wconf 89' lang='lat' dir='ltr'>Cibinii</span> <span class='ocrx_word' id='word_1_291' title='bbox 924 2998 994 3032; x_wconf 83' lang='lat' dir='ltr'>per</span> <span class='ocrx_word' id='word_1_292' title='bbox 1022 2986 1271 3020; x_wconf 86' lang='lat' dir='ltr'>Demetrium</span> <span class='ocrx_word' id='word_1_293' title='bbox 1296 2986 1449 3031; x_wconf 86' lang='lat' dir='ltr'>Jaxith,</span> <span class='ocrx_word' id='word_1_294' title='bbox 1479 2996 1641 3020; x_wconf 88' lang='lat' dir='ltr'>causam</span> <span class='ocrx_word' id='word_1_295' title='bbox 1668 2997 1773 3026; x_wconf 82' lang='lat' dir='ltr'>vero,</span> <span class='ocrx_word' id='word_1_296' title='bbox 1802 2997 1873 3021; x_wconf 88' lang='lat' dir='ltr'>cur</span> 
     </span>
     <span class='ocr_line' id='line_1_37' title="bbox 176 3044 1874 3092; baseline 0 -11"><span class='ocrx_word' id='word_1_297' title='bbox 176 3047 318 3092; x_wconf 76' lang='lat' dir='ltr'>Jaxith</span> <span class='ocrx_word' id='word_1_298' title='bbox 353 3047 508 3082; x_wconf 78' lang='lat' dir='ltr'>facinus</span> <span class='ocrx_word' id='word_1_299' title='bbox 543 3048 618 3082; x_wconf 89' lang='lat' dir='ltr'>hoc</span> <span class='ocrx_word' id='word_1_300' title='bbox 654 3049 950 3086; x_wconf 76' lang='lat' dir='ltr'>adtentaverat,</span> <span class='ocrx_word' id='word_1_301' title='bbox 990 3045 1124 3090; x_wconf 87' lang='lat' dir='ltr'>prodit</span> <span class='ocrx_word' id='word_1_302' title='bbox 1157 3044 1373 3079; x_wconf 85' lang='lat' dir='ltr'>Schesaeus</span> <span class='ocrx_word' id='word_1_303' title='bbox 1413 3044 1584 3088; x_wconf 87' lang='lat' dir='ltr'>(Ruinae</span> <span class='ocrx_word' id='word_1_304' title='bbox 1620 3045 1874 3081; x_wconf 86' lang='lat' dir='ltr'>Pannonicae</span> 
     </span>
     <span class='ocr_line' id='line_1_38' title="bbox 178 3103 1872 3151; baseline 0.001 -12"><span class='ocrx_word' id='word_1_305' title='bbox 178 3106 264 3140; x_wconf 91' lang='lat' dir='ltr'>Lib.</span> <span class='ocrx_word' id='word_1_306' title='bbox 288 3107 318 3140; x_wconf 91' lang='grc' dir='ltr'>Ι.</span> <span class='ocrx_word' id='word_1_307' title='bbox 340 3117 479 3141; x_wconf 85' lang='lat' dir='ltr'>versus</span> <span class='ocrx_word' id='word_1_308' title='bbox 501 3109 574 3151; x_wconf 84' lang='lat'>364</span> <span class='ocrx_word' id='word_1_309' title='bbox 601 3109 642 3141; x_wconf 86' lang='lat' dir='ltr'>et</span> <span class='ocrx_word' id='word_1_310' title='bbox 668 3107 755 3150; x_wconf 75' lang='lat'><strong>365)</strong></span> <span class='ocrx_word' id='word_1_311' title='bbox 784 3106 861 3139; x_wconf 91' lang='lat' dir='ltr'>hoc</span> <span class='ocrx_word' id='word_1_312' title='bbox 887 3105 1023 3138; x_wconf 88' lang='lat' dir='ltr'>modo:</span> <span class='ocrx_word' id='word_1_313' title='bbox 1056 3104 1173 3138; x_wconf 90' lang='lat' dir='ltr'>«Cum</span> <span class='ocrx_word' id='word_1_314' title='bbox 1203 3103 1345 3149; x_wconf 84' lang='lat' dir='ltr'>Jaxith</span> <span class='ocrx_word' id='word_1_315' title='bbox 1370 3103 1550 3138; x_wconf 87' lang='lat' dir='ltr'>Mihnam</span> <span class='ocrx_word' id='word_1_316' title='bbox 1576 3104 1725 3138; x_wconf 84' lang='lat' dir='ltr'>crudeli</span> <span class='ocrx_word' id='word_1_317' title='bbox 1750 3105 1872 3140; x_wconf 83' lang='lat' dir='ltr'>caede</span> 
     </span>
     <span class='ocr_line' id='line_1_39' title="bbox 179 3156 1764 3212; baseline 0 -14"><span class='ocrx_word' id='word_1_318' title='bbox 179 3165 359 3209; x_wconf 87' lang='lat' dir='ltr'>peremit,</span> <span class='ocrx_word' id='word_1_319' title='bbox 389 3164 451 3199; x_wconf 91' lang='lat' dir='ltr'>Ob</span> <span class='ocrx_word' id='word_1_320' title='bbox 478 3165 598 3200; x_wconf 88' lang='lat' dir='ltr'>decus</span> <span class='ocrx_word' id='word_1_321' title='bbox 624 3168 807 3210; x_wconf 90' lang='lat' dir='ltr'>ereptum</span> <span class='ocrx_word' id='word_1_322' title='bbox 833 3163 1054 3198; x_wconf 85' lang='lat' dir='ltr'>Germanae</span> <span class='ocrx_word' id='word_1_323' title='bbox 1083 3158 1119 3212; x_wconf 89' lang='lat' dir='ltr'>[i.</span> <span class='ocrx_word' id='word_1_324' title='bbox 1149 3173 1180 3197; x_wconf 88' lang='lat' dir='ltr'>e.</span> <span class='ocrx_word' id='word_1_325' title='bbox 1208 3156 1363 3211; x_wconf 83' lang='lat' dir='ltr'>sororis]</span> <span class='ocrx_word' id='word_1_326' title='bbox 1392 3162 1544 3197; x_wconf 88' lang='lat' dir='ltr'>illustre</span> <span class='ocrx_word' id='word_1_327' title='bbox 1569 3163 1764 3208; x_wconf 74' lang='lat' dir='ltr'>pudoris.»</span> 
     </span>
    </p>
   </div>
  </div>
 </body>
</html>
