2209 3643
212 204 271 236 16.
295 202 389 236 Dec.
415 196 525 250 1534]
972 201 1046 236 No.
1069 210 1140 244 203
1830 210 1902 245 243

209 332 510 374 convenirem.
552 332 734 373 Praeter
764 345 889 386 spem
915 332 1056 387 reperi
1081 332 1194 387 regis
1219 336 1443 374 oratorem
1469 331 1513 373 in
1539 331 1754 374 Valachia
1775 345 1784 382 ;
1810 345 1900 374 non

209 404 316 445 sinit
358 417 428 444 me
469 417 494 444 a
533 417 578 445 se
618 402 858 451 discedere,
893 407 1140 458 antequam
1165 403 1483 458 recepissemus
1508 403 1899 459 Transylvaniam,

210 475 382 517 veritus
403 488 458 516 ne
480 474 701 515 incertum
723 473 970 528 periculum
992 474 1232 517 inciderem
1255 488 1262 523 ;
1285 474 1321 515 si
1343 474 1526 529 quidem
1548 488 1637 516 una
1658 474 1733 516 via
1754 479 1901 517 osten-

211 545 406 587 debatur
428 559 576 600 regem
599 544 795 586 adeundi
819 558 898 599 per
920 545 1209 594 Moldaviam,
1235 545 1360 587 cuius
1383 550 1605 601 tyrannus
1629 545 1673 587 in
1696 559 1901 601 praesen-

173 631 190 655 5
212 617 276 658 tia
311 617 543 658 fortunam
576 620 757 657 secutus
791 615 1015 658 desiverat
1051 616 1108 657 ab
1142 616 1342 658 amicitia
1361 617 1551 671 Joannis
1571 617 1697 671 regis.
1727 616 1901 672 Operae

212 687 408 743 pretium
423 687 617 735 videtur,
635 691 685 728 ut
701 686 907 728 differam
926 687 1170 742 aliquantis
1184 701 1263 742 per
1281 687 1517 729 materiam
1533 687 1774 742 inceptam,
1791 688 1900 730 dum

211 772 277 808 ea,
311 772 426 813 quae
457 758 511 800 de
541 758 750 799 Valachis
781 762 1012 812 comperta
1042 758 1200 807 habeo,
1233 758 1340 813 quia
1369 772 1501 814 saepe
1531 759 1586 800 de
1616 759 1700 800 illis
1731 759 1901 801 mentio

212 830 304 878 fiet,
339 842 477 884 quam
508 829 768 871 brevissime
801 829 1087 884 perscribam.

359 900 471 942 Cum
504 900 742 955 imperium
778 900 1035 941 Romanurn
1069 900 1196 942 bellis
1230 900 1436 942 civilibus
1470 900 1514 942 in
1549 901 1716 942 multas
1749 906 1900 956 partes

159 984 194 1010 ιο
213 971 551 1026 discerperetur,
574 971 749 1026 legatus
771 971 970 1019 Flaccus,
994 985 1020 1012 a
1041 985 1132 1026 quo
1154 972 1339 1013 Valachi
1361 971 1490 1026 quasi
1511 971 1658 1013 Flacci
1679 972 1901 1014 nominati

212 1047 334 1092 sunt,
362 1046 413 1084 ut
444 1042 619 1084 Aeneas
647 1042 827 1098 Sylvius
848 1042 1141 1091 existimavit,
1175 1047 1219 1084 et
1251 1042 1383 1084 Turci
1414 1042 1597 1097 quidem
1628 1043 1811 1098 propius
1842 1043 1901 1085 ad

211 1127 377 1155 nomen
411 1113 609 1168 priscum
644 1113 880 1162 accedunt,
909 1114 1159 1155 Valachum
1194 1114 1313 1155 enirn
1354 1114 1564 1156 Vlachum
1599 1113 1755 1155 dicunt
1790 1128 1901 1156 sono

212 1184 541 1240 propemodum
572 1184 744 1226 eodem.
781 1185 824 1226 Is
868 1189 967 1226 tum
1012 1185 1197 1226 Flaccus
1241 1184 1430 1226 Daciani
1474 1184 1754 1240 provinciam
1797 1199 1900 1227 cum

213 1256 390 1298 duabus
421 1255 670 1310 legionibus
702 1255 968 1297 obtinebat:
1003 1256 1195 1311 reliquos
1227 1256 1364 1297 etiam
1398 1255 1543 1297 Italici
1574 1256 1802 1310 sanguinis
1845 1270 1900 1298 ex

159 1338 196 1365 15
214 1327 417 1368 finitimis
446 1327 688 1382 provinciis
719 1326 778 1368 ad
807 1340 853 1368 se
883 1326 1125 1375 contraxit,
1157 1331 1478 1381 expectaturus
1507 1331 1723 1368 eventum
1752 1341 1899 1369 rerum

216 1399 540 1447 Romanarum,
560 1411 676 1453 quae
694 1397 836 1439 indies
869 1412 971 1439 cum
990 1402 1168 1439 ruerent
1187 1398 1232 1439 in
1249 1397 1389 1452 peius,
1410 1397 1508 1439 fixit
1528 1397 1572 1439 in
1592 1398 1732 1439 Dacia
1749 1398 1900 1440 sedem

213 1474 258 1511 et
288 1483 343 1510 ex
371 1469 654 1524 praefectura
682 1468 941 1524 dynastiam
970 1469 1088 1511 fecit.
1120 1468 1352 1511 Connubia
1392 1467 1538 1510 iunxit
1578 1483 1681 1510 cum
1719 1469 1900 1524 provin-

212 1540 416 1589 cialibus,
453 1544 504 1582 ut
539 1540 623 1582 hoc
657 1539 838 1581 vinculo
872 1553 1010 1581 unam
1043 1544 1224 1594 gentem
1257 1553 1312 1581 ex
1347 1539 1523 1581 duabus
1557 1539 1737 1590 faceret,
1773 1540 1900 1583 brevi

213 1611 347 1667 quasi
381 1611 426 1652 in
461 1625 603 1652 unum
638 1624 799 1666 corpus
834 1611 1096 1652 coaluerunt
1131 1615 1176 1652 et
1210 1625 1329 1652 nunc
1365 1624 1410 1652 se
1437 1611 1666 1652 Romanos
1701 1616 1897 1662 vocant;

157 1693 198 1720 20
213 1683 293 1725 sed
318 1682 428 1724 nihil
456 1681 651 1724 Romani
676 1681 860 1730 habent,
889 1686 1067 1736 praeter
1092 1681 1291 1736 linguam
1316 1686 1361 1723 et
1388 1681 1532 1737 ipsam
1559 1681 1741 1736 quidem
1768 1683 1899 1725 vehe-

214 1758 389 1795 menter
417 1753 715 1808 depravatam
743 1757 787 1794 et
817 1752 989 1807 aliquot
1019 1752 1262 1794 barbaricis
1291 1752 1582 1794 idiomatibus
1610 1753 1896 1808 permixtam.

211 1826 421 1866 Fortasse
443 1828 679 1866 traxerunt
702 1824 840 1865 etiam
862 1837 888 1865 a
912 1823 1128 1865 Romanis
1149 1823 1300 1866 civiles
1322 1823 1566 1865 discordias
1586 1828 1631 1865 et
1654 1824 1898 1880 tyrannici-

210 1896 298 1945 dia,
330 1895 498 1951 quippe
526 1895 613 1936 rari
641 1909 795 1936 eorum
823 1895 1045 1936 vaivodae
1077 1894 1153 1948 (sic
1181 1894 1301 1936 enirn
1328 1908 1432 1936 suos
1460 1894 1682 1950 principes
1709 1897 1893 1950 vocant)

209 1967 308 2009 fato
329 1966 586 2021 morbisque
605 1965 872 2008 interierunt
893 1979 901 2015 ;
921 1965 1259 2007 inimicitiarum
1278 1979 1424 2020 neque
1445 1965 1620 2015 modus,
1636 1979 1782 2021 neque
1796 1967 1897 2008 finis

149 2047 192 2074 25
209 2042 276 2080 est
299 2051 308 2088 ;
335 2037 497 2079 fratres
520 2042 564 2079 et
590 2036 770 2092 cognati
793 2036 1070 2092 principibus
1093 2036 1290 2091 suspecti
1313 2041 1433 2086 sunt,
1458 2050 1539 2078 nec
1562 2036 1801 2091 patiuntur
1823 2051 1897 2080 eos

210 2109 255 2150 in
275 2122 358 2151 suo
377 2122 512 2163 regno
533 2108 690 2163 degere
712 2121 721 2157 ;
743 2107 866 2163 capti
886 2107 1165 2156 occiduntur,
1187 2112 1281 2156 aut,
1302 2107 1339 2148 si
1358 2107 1467 2148 viles
1487 2112 1607 2156 sunt,
1628 2112 1898 2150 truncantur

209 2180 409 2229 naribus,
445 2193 536 2234 qua
570 2179 859 2221 deformitate
893 2192 983 2220 non
1017 2178 1326 2220 admittuntur
1359 2177 1651 2233 postmodum
1685 2179 1744 2220 ad
1777 2179 1897 2234 prin-

209 2251 427 2306 cipatum.
456 2250 591 2292 Nulla
616 2263 737 2305 gens,
764 2263 844 2291 nec
870 2249 1086 2304 ignavior,
1102 2262 1182 2290 nec
1208 2249 1349 2303 magis
1374 2248 1612 2304 perfidiosa
1633 2263 1642 2299 ;
1669 2249 1781 2291 vitio
1806 2264 1897 2292 non

210 2322 347 2364 datur
376 2321 500 2377 apud
529 2335 603 2363 eos
633 2320 827 2376 periurio
857 2320 1021 2369 fallere,
1053 2320 1198 2362 multa
1227 2319 1482 2361 istiusmodi
1511 2319 1680 2361 habent
1710 2321 1894 2370 nefaria,

151 2401 195 2427 30
212 2406 328 2448 quae
350 2392 502 2434 omnia
523 2391 732 2447 persequi
753 2405 843 2433 non
865 2395 932 2433 est
955 2391 1087 2432 huius
1109 2390 1336 2445 temporis.

358 2463 490 2519 Quod
512 2467 666 2505 autem
688 2462 747 2504 ad
769 2466 1052 2518 praesentem
1073 2475 1167 2503 rem
1189 2461 1370 2510 attinet,
1393 2461 1580 2502 Valachi
1602 2461 1693 2503 duo
1714 2461 1896 2504 fuerunt

210 2534 389 2589 regibus
415 2534 674 2589 Hungariae
699 2533 903 2575 subiecti.
939 2533 1175 2575 Caeterum
1200 2532 1332 2574 Turci
1369 2536 1614 2586 postquam
1651 2537 1894 2587 coeperunt

211 2619 306 2647 esse
333 2609 543 2661 potentes
570 2604 616 2646 in
644 2605 827 2660 Europa
854 2603 1084 2658 occupatis
1111 2603 1316 2644 litoribus
1344 2603 1478 2644 maris
1506 2602 1672 2644 Euxini
1698 2608 1743 2645 et
1771 2604 1896 2645 ostiis

213 2675 413 2717 Danubii
436 2676 481 2717 in
504 2689 634 2717 suam
657 2679 934 2731 potestatem
957 2673 1150 2716 redactis
1173 2673 1423 2728 imposuere
1447 2673 1671 2715 tributum
1694 2673 1896 2729 utrisque

151 2753 196 2780 35
213 2747 438 2796 Valachis‚
479 2746 635 2788 relicta
674 2746 736 2788 eis
776 2746 993 2787 facultate
1032 2744 1251 2786 vaivodas
1290 2744 1493 2799 eligendi,
1535 2744 1706 2793 addito,
1747 2749 1798 2786 ut
1838 2745 1897 2786 ab

213 2817 561 2872 imperatoribus
582 2817 830 2859 Turcorum
852 2816 1235 2858 confirmarentur.
1261 2815 1420 2856 Priscis
1442 2815 1721 2869 temporibus
1743 2829 1896 2857 omnes

214 2888 253 2928 V
257 2888 401 2930 alachi
422 2888 506 2929 sub
528 2902 618 2929 uno
639 2887 841 2943 principe
863 2886 1085 2941 degebant
1103 2900 1112 2936 ;
1135 2890 1293 2940 postea
1315 2885 1447 2927 divisi
1467 2890 1572 2927 sunt
1595 2890 1639 2927 et
1662 2885 1737 2927 alii
1757 2886 1896 2940 regio-

213 2972 317 2999 nem
343 2963 693 3013 occupaverunt,
721 2958 840 3000 unde
867 2956 1054 2999 Cumani
1085 2956 1390 3011 migraverunt
1416 2955 1461 2997 in
1488 2956 1783 3010 Hungariam,
1811 2956 1896 3012 ipsi

213 3042 321 3070 vero
351 3029 550 3070 Moldavi
580 3029 796 3084 appellati
826 3032 946 3076 sunt,
978 3031 1022 3069 et
1053 3027 1222 3082 pariter
1252 3031 1370 3068 terra
1400 3026 1627 3068 Moldavia
1656 3040 1683 3067 a
1711 3026 1895 3069 flumine

153 3106 198 3131 40
215 3099 414 3141 eiusdem
453 3100 660 3148 nominis,
702 3099 825 3154 quod
864 3098 1142 3153 provinciam
1182 3111 1335 3139 eorum
1375 3097 1626 3139 intersecat.
1668 3097 1896 3139 Moldavia

216 3169 364 3211 fronte
398 3170 543 3224 vergit
574 3170 632 3211 ad
664 3169 1017 3224 septentrionem
1046 3168 1315 3224 Scytiaeque
1350 3168 1556 3218 deserta;
1593 3168 1896 3211 committitur

1684 3255 1746 3291 16*
