2209 3643
290 169 360 212 138
1046 165 1121 199 No.
1144 174 1215 198 100
1692 158 1740 212 [1.
1762 163 1855 199 Dec.
1881 174 1979 209 1525

289 311 555 353 componere
585 295 819 350 potuisset.
853 293 985 348 Quod
1006 297 1159 334 autem
1185 306 1339 333 curam
1360 292 1498 346 ipsius
1529 291 1737 333 dominae
1767 292 1982 333 Maiestas

285 370 376 411 Sua
393 369 451 410 ad
468 381 548 409 nos
565 380 655 407 non
673 364 876 412 confidit,
895 377 986 404 non
1005 367 1071 404 est
1091 363 1178 404 alia
1195 376 1344 411 causa,
1363 362 1448 403 nisi
1466 362 1589 417 quod
1605 362 1750 404 voluit
1769 362 1982 404 Maiestas

285 441 389 488 Sua,
410 438 531 493 quod
550 450 630 477 nos
649 436 787 476 simus
806 434 1030 475 mediator
1047 434 1165 474 inter
1182 433 1301 488 ipsos
1320 433 1550 475 waivodas
1569 447 1650 488 pro
1669 433 1982 487 componenda

287 524 410 565 pace.
435 508 542 549 Ideo
562 520 652 547 non
672 510 787 546 esset
810 509 991 546 nostrae
1011 504 1245 546 facultatis
1265 504 1497 559 negotium
1517 504 1615 552 hoc,
1637 518 1692 545 ex
1713 518 1802 558 quo
1823 503 1981 545 Maies—

287 586 358 622 tas
373 580 463 621 Sua
480 592 570 619 non
589 577 646 618 ad
664 590 759 625 nos,
779 576 857 617 sed
875 575 933 617 ad
952 575 1227 617 Cibinienses
1245 575 1291 616 id
1309 575 1497 616 confidit
1517 580 1560 616 et
1579 575 1641 616 sic
1659 575 1979 624 consuluimus,
2018 593 2040 618 5

289 656 340 692 ut
373 663 454 705 pro
487 650 571 689 hac
602 661 648 689 re
680 647 738 688 ad
771 647 1058 688 Maiestatem
1088 646 1226 688 Suam
1259 646 1432 687 mittat.

423 719 616 761 Domine
662 717 1067 766 Reverendissime,
1118 722 1252 772 prout
1306 717 1494 758 nuntius
1546 716 1675 758 nobis
1728 717 1812 758 iste
1857 716 1981 765 dicit,

287 793 370 834 sub
412 789 671 832 firmissimo
713 789 968 830 iuramento
1010 802 1113 829 cum
1146 788 1409 829 Bazarabne
1438 792 1482 829 et
1510 802 1611 829 cum
1643 787 1984 842 consanguineis

287 863 378 904 suis
416 862 506 902 iam
544 861 627 902 hoc
671 860 904 914 negotium
941 859 1202 901 conclusum
1239 863 1320 907 est,
1363 859 1477 900 alter
1514 858 1653 900 etiam
1697 858 1983 900 Maiestatem

286 935 424 975 Suam
463 932 522 973 ad
560 931 745 986 nuptias
784 929 1081 979 invitavit;11
1114 930 1223 984 quid
1275 930 1429 984 itaque
1483 943 1564 970 nos
1614 929 1753 970 simus
1804 929 1981 977 facturi,
1998 945 2037 972 10

287 1005 546 1059 ignoramus
591 1007 634 1044 et
670 1002 706 1043 si
740 1002 878 1043 etiam
919 1001 1146 1049 sciremus,
1185 1015 1275 1042 non
1312 1014 1700 1056 praesumeremus
1740 1000 1984 1055 quicquam

287 1076 332 1116 in
366 1076 451 1116 hoc
483 1073 665 1128 negotio
699 1073 843 1114 iacere
877 1073 1049 1127 absque
1085 1072 1200 1114 Suae
1237 1072 1489 1113 Maiestatis
1515 1071 1848 1113 informatione.
1876 1071 1985 1112 Ideo

288 1146 500 1188 Maiestas
552 1145 643 1186 Sua
684 1143 977 1186 Serenissima
1017 1143 1229 1197 dignetur
1278 1143 1459 1197 negotio
1501 1143 1749 1197 providere.
1793 1141 1983 1183 Interim

288 1222 442 1259 tamen
472 1215 731 1271 scripsimus
761 1214 945 1256 domino
974 1213 1228 1263 Gerendi,¹²
1254 1214 1331 1268 qui
1352 1219 1396 1255 et
1420 1214 1543 1262 alias,
1574 1218 1709 1268 prout
1738 1227 1793 1254 ex
1822 1212 1985 1254 litteris

288 1287 542 1330 Maiestatis
589 1287 705 1328 Suae
757 1286 1026 1340 accepimus,
1078 1285 1446 1326 informationem
1497 1285 1649 1333 habet,
1702 1288 1753 1326 ut
1804 1283 1984 1325 nomine
1998 1300 2041 1326 15

291 1358 542 1401 Maiestatis
561 1358 676 1399 Suae
699 1357 1027 1399 Cibiniensibus
1049 1356 1323 1405 committat,
1346 1361 1397 1397 ut
1419 1356 1704 1411 provideant,
1739 1369 1794 1397 ne
1826 1354 1986 1396 mulier

285 1445 331 1472 se
365 1429 593 1484 surripiat,
629 1428 801 1469 interea
834 1441 941 1469 vero
974 1432 1018 1469 et
1053 1441 1134 1468 nos
1168 1427 1274 1482 ipsis
1308 1427 1466 1469 itidem
1500 1427 1851 1468 committemus.

430 1501 523 1542 Iste
545 1499 869 1554 Transalpinus
896 1499 967 1540 vel
985 1503 1052 1540 est
1074 1498 1207 1539 nimis
1229 1498 1390 1539 avidus
1405 1498 1536 1539 huius
1558 1497 1740 1552 negotii,
1764 1497 1835 1538 vel
1861 1496 1984 1551 quod

286 1572 463 1627 quaerit
493 1570 795 1613 occassionem
824 1570 1060 1611 recedendi
1093 1583 1120 1610 a
1155 1570 1393 1611 Maiestate
1424 1570 1527 1611 Sua.
1566 1569 1728 1623 Itaque
1761 1582 1841 1623 pro
1887 1568 1983 1608 Deo

286 1656 498 1698 rogamus
533 1641 904 1683 Dominationem
960 1641 1170 1682 Vestram
1220 1640 1675 1689 Reverendissimam‚
1717 1639 1753 1681 si
1795 1638 1983 1680 nuntius
1998 1655 2038 1681 20

287 1714 426 1769 ipsius
451 1713 611 1754 Radwl
632 1712 865 1754 waivodae
885 1712 1017 1753 iverit
1039 1712 1097 1753 ad
1117 1711 1404 1753 Maiestatem
1427 1711 1629 1766 Regiam,
1652 1725 1707 1752 ne
1728 1710 1881 1752 subita
1900 1709 1984 1750 sibi

287 1786 420 1826 detur
445 1784 618 1833 relatio,
652 1783 737 1825 nisi
763 1783 886 1838 prius
925 1782 1144 1838 Poynar13
1169 1783 1310 1837 possit
1348 1783 1462 1824 bene
1497 1782 1771 1823 victualibus
1803 1780 1981 1821 muniri.

289 1857 523 1898 Hactenus
546 1860 701 1896 tamen
722 1854 871 1895 nullus
887 1854 1045 1895 obolus
1060 1854 1305 1895 castellano
1321 1853 1456 1894 castri
1477 1853 1615 1908 ipsius
1637 1858 1703 1894 est
1728 1852 1877 1900 datuS,
1900 1851 1984 1892 nisi

288 1927 453 1968 nostris
481 1927 714 1980 hucusque
754 1925 1122 1966 conservavimus
1140 1939 1148 1975 ;
1186 1924 1295 1979 quid
1322 1928 1475 1965 autem
1505 1924 1550 1965 in
1580 1924 1785 1965 futurum
1819 1923 1874 1963 de
1910 1922 1984 1963 illo

288 2002 436 2039 castro
479 1997 697 2051 sequitur,
746 1996 1019 2050 ignoramus.
1076 1996 1129 2036 In
1181 1995 1353 2050 reliquo
1406 1999 1559 2036 autem
1613 1994 1983 2036 Dominationem
1999 2009 2041 2035 25

287 2070 496 2110 Vestram
539 2067 980 2109 Reverendissimam
1023 2066 1326 2108 felicissimam
1370 2066 1520 2107 valere
1562 2070 1788 2120 optamus.

429 2140 499 2180 Ex
542 2139 695 2187 Dewa,
733 2138 843 2179 feria
871 2142 1001 2179 sexta
1037 2137 1244 2192 proxima
1282 2142 1384 2192 post
1425 2138 1591 2178 festum
1617 2136 1740 2178 beati
1777 2135 1984 2177 Andreae

287 2210 493 2265 apostoli.
522 2210 654 2251 Anno
696 2219 819 2262 1525.

1471 2279 1704 2333 johannes
1723 2291 1872 2319 comes
1893 2280 1937 2318 et

1425 2349 1623 2394 wayvoda
1653 2345 1775 2382 Manu
1807 2346 1981 2393 propria.
1999 2364 2039 2390 30

428 2455 452 2493 I
456 2455 660 2493 ntitulatz'o
679 2468 690 2491 :
722 2454 1089 2493 Reverendissimo
1118 2454 1290 2492 domino
1320 2453 1515 2492 Ladislao
1544 2452 1856 2503 archiepiscopo
1881 2451 1982 2490 Stri-

288 2513 486 2563 goniensi,
527 2514 699 2565 primati
737 2513 853 2564 regni
892 2513 1147 2563 Hungariae,
1189 2513 1328 2563 legato
1366 2517 1468 2551 nato
1507 2525 1555 2551 ac
1594 2524 1789 2563 supremo
1830 2510 1984 2561 Regiae

289 2572 524 2611 Maiestatis
562 2573 823 2618 cancellario,
865 2572 1109 2623 dignissimo
1148 2572 1318 2618 domino
1357 2576 1398 2610 et
1439 2571 1574 2610 amico
1612 2570 1733 2609 nobis
1776 2570 1982 2608 honoran-

288 2631 471 2670 dissimo.

434 2729 658 2774 (Originale.
694 2729 888 2774 Orszagos
920 2729 1116 2769 Leveltar,
1154 2730 1372 2774 Budapest.
1408 2729 1631 2772 D1.24226.
1663 2727 1803 2762 Edidit
1829 2726 1982 2761 «Torte-
1997 2741 2038 2766 35

289 2787 408 2820 nelmi
428 2788 522 2821 Tar»
546 2790 654 2830 1906.
676 2799 765 2833 pag.
790 2788 1019 2833 365—367.)

432 2949 463 2972 Π
484 2952 577 2985 Dies
598 2964 669 2998 pro
690 2953 840 2998 nuptiis
870 2954 946 2987 fuit
967 2954 1256 2988 determinatus
1267 2954 1317 2987 ad
1336 2963 1392 2996 14.
1405 2952 1586 2998 Januarii
1601 2954 1708 2996 1526.
1750 2951 1781 2972 1²
1795 2952 1984 2986 Nicolaus

290 3010 471 3043 Gerendi.
511 3011 547 3031 1³
560 3012 744 3044 Castrum
764 3012 931 3046 Poenari
951 3012 991 3045 in
1009 3012 1113 3046 valle
1131 3012 1243 3046 fluvii
1261 3012 1385 3059 Arges
1401 3011 1533 3050 situm,
1551 3010 1728 3045 vicinum
1748 3010 1848 3051 viae,
1878 3022 1983 3056 quae

287 3066 328 3100 in
355 3068 685 3113 Transylvaniam
710 3070 832 3104 ducit.
