2209 3643
273 200 322 234 86
1041 197 1115 231 No.
1137 197 1186 231 68
1683 192 1731 247 [6.
1751 198 1842 243 Jan.
1867 199 1962 243 1508

270 329 471 383 Johanni
514 329 748 382 Tharczay
791 327 907 368 infra
949 331 1131 381 tempus
1173 327 1494 382 redemptionis
1538 326 1738 369 eiusdem
1780 327 1963 382 inscrip-

273 400 462 440 serimus
508 403 552 439 et
600 396 1078 452 impignoraverimus;
1112 411 1232 439 nunc
1278 402 1447 447 tamen,
1496 412 1638 452 quum
1683 397 1872 440 nuntius
1917 404 1962 440 et

272 475 424 511 orator
452 468 596 510 fidelis
625 467 768 509 nostri
786 467 1054 522 Spectabilis
1076 482 1126 509 ac
1151 468 1381 523 Magnifici
1402 469 1563 510 Radwl
1580 469 1839 524 waywodae
1863 483 1962 524 par-

272 541 387 582 tium
402 539 525 593 regni
539 538 681 579 nostri
695 538 1096 592 Transalpinarum
1112 539 1170 580 ad
1184 553 1265 580 nos
1286 539 1611 594 applicuisset,l
1626 539 1743 581 inter
1763 536 1962 594 aliasque

271 609 507 664 legationis
534 623 640 650 suae
669 613 821 664 partes
849 614 894 650 et
923 609 1149 658 articulos,
1179 609 1317 651 fidem
1347 624 1398 651 ac
1426 609 1735 665 integritatem
1762 610 1963 652 eiusdem
1999 623 2016 649 5

271 680 441 722 domini
473 679 555 728 sui,
591 679 819 734 animique
852 679 992 734 ipsius
1025 680 1070 721 in
1102 694 1184 721 nos
1216 685 1260 722 et
1293 695 1468 722 sacram
1500 681 1633 722 huius
1665 681 1789 735 regni
1820 681 1963 723 nostri

269 765 482 793 coronam
502 750 683 792 firmam
704 750 1011 792 constantiam
1033 765 1084 792 ac
1108 751 1238 792 nobis
1265 756 1310 793 et
1331 751 1435 793 huic
1455 766 1592 806 regno
1611 756 1768 793 nostro
1788 765 1964 807 semper

269 821 493 863 serviendi
524 821 934 876 promptitudinem
965 822 1134 864 diffuso
1166 822 1276 864 satis
1308 827 1352 864 et
1384 822 1560 877 prolixo
1591 836 1794 864 sermone
1825 822 1964 877 expli-

270 897 428 941 casset,
466 892 599 933 simul
642 892 781 934 etiam
816 893 996 934 nomine
1042 897 1087 934 et
1132 893 1177 934 in
1223 907 1414 948 persona
1459 894 1659 935 eiusdem
1705 893 1964 948 Waywodae

268 963 423 1012 nostri,
447 963 618 1005 domini
637 963 805 1005 scilicet
826 963 908 1012 sui,
941 964 1186 1005 instantius
1216 964 1346 1006 nobis
1376 978 1479 1006 cum
1509 978 1687 1006 summa
1716 964 1964 1019 gratiarum
1979 976 2016 1003 10

269 1034 447 1076 actione
473 1034 785 1089 supplicasset,
803 1034 925 1089 quod
941 1035 1061 1076 tanti
1086 1040 1131 1076 et
1147 1040 1243 1076 tam
1270 1035 1469 1077 ardentis
1496 1035 1634 1090 ipsius
1659 1049 1764 1090 erga
1789 1048 1964 1077 sacram

269 1105 402 1146 huius
422 1105 546 1160 regni
566 1105 709 1147 nostri
734 1119 945 1147 coronam
967 1106 1175 1147 desiderii
1197 1111 1242 1148 et
1258 1106 1365 1147 fidei
1378 1106 1601 1148 rationem
1616 1106 1795 1155 habere,
1812 1110 1857 1147 et
1873 1106 1963 1148 iarn

267 1176 453 1218 tandem
468 1180 671 1218 nostram
687 1176 733 1218 in
748 1176 896 1231 ipsum
910 1177 1193 1232 waywodam
1208 1177 1401 1232 gratiam
1421 1181 1466 1218 et
1488 1177 1793 1227 affectionem,
1822 1190 1964 1231 quan-

268 1247 416 1301 doque
442 1247 582 1289 etiarn
611 1247 839 1289 oblatione
866 1252 911 1289 et
938 1247 1263 1302 pollicitatione
1290 1252 1446 1289 nostra
1482 1247 1728 1297 firmatam,
1757 1248 1802 1289 in
1830 1247 1963 1289 effec-

268 1323 367 1359 tum
401 1318 643 1373 perducere
676 1323 720 1360 et
754 1318 1013 1360 huiusmodi
1059 1324 1263 1360 nostram
1296 1319 1650 1361 benivolentiam
1684 1318 1963 1360 exhibitione
1978 1331 2015 1357 15

266 1389 375 1430 reali
391 1389 436 1430 in
453 1404 556 1431 eum
574 1389 809 1431 ostendere
825 1394 869 1431 et
888 1390 1114 1432 declarare
1133 1390 1420 1445 dignaremur
1442 1403 1448 1430 :
1470 1391 1562 1432 Nos
1580 1389 1731 1432 animo
1759 1394 1963 1444 repeten-

267 1464 348 1508 tes,
391 1460 730 1515 necessarioque
771 1460 1119 1509 considerantes,
1162 1466 1362 1515 quantae
1403 1460 1645 1502 accessioni
1685 1465 1729 1502 et
1757 1460 1962 1510 utilitati,

267 1535 362 1572 tam
393 1537 520 1573 arcta
539 1536 583 1573 et
616 1532 858 1573 vehemens
878 1546 929 1573 ac
950 1532 1154 1574 officiosa
1178 1531 1316 1587 ipsius
1345 1532 1603 1587 waywodae
1633 1531 1776 1573 nostri
1808 1531 1853 1572 in
1883 1544 1964 1572 nos

412 1697 425 1717 1
457 1697 517 1730 De
546 1697 620 1730 hoc
651 1697 759 1741 apud
789 1696 1001 1730 Nicolaum
1032 1696 1207 1730 Istvanfi
1239 1696 1341 1741 (pag.
1375 1707 1434 1741 35.
1468 1696 1738 1730 Historiarum
1767 1696 1816 1730 de
1845 1696 1963 1730 rebus

264 1755 486 1800 Ungaricis)
510 1766 530 1789 e
551 1766 742 1789 converso
762 1756 860 1789 haec
879 1755 1106 1789 invenimus
1125 1766 1131 1789 1
1165 1756 1238 1789 Per
1258 1766 1324 1789 eos
1344 1756 1427 1789 dies
1448 1755 1591 1789 Veneti
1611 1755 1704 1789 belli
1723 1755 1959 1794 rumoribus,
1977 1768 2014 1794 20

264 1815 334 1859 qui
368 1815 516 1859 passim
550 1815 841 1854 increbuerant,
879 1815 1034 1849 excitus
1070 1814 1239 1854 Radulo‚
1276 1814 1562 1859 Transalpinae
1596 1814 1822 1854 Valachiae,
1858 1825 1963 1859 quae

265 1874 387 1907 etiam
415 1876 610 1908 montana
637 1877 816 1913 vocatur,
847 1874 1041 1919 princeps,
1071 1877 1157 1908 tam
1185 1873 1391 1908 clientelae
1417 1884 1522 1912 suae,
1553 1884 1657 1918 quae
1683 1873 1852 1918 antiquo
1878 1873 1963 1907 iure

264 1943 373 1977 reges
390 1933 621 1977 Hungariae
638 1933 809 1978 respicit,
829 1933 1092 1967 declarandae
1109 1943 1240 1972 causa,
1259 1943 1383 1978 quarn
1399 1943 1472 1977 pro
1488 1932 1574 1966 aliis
1591 1932 1718 1972 rebus,
1739 1933 1791 1966 ad
1807 1932 1962 1966 Vladis-

265 1992 374 2025 laum
405 1992 564 2026 Budam
595 1992 718 2031 venit,
753 2003 875 2037 equos
906 1992 1109 2032 militares,
1143 1992 1249 2036 regio
1280 2002 1388 2025 more
1418 1989 1610 2026 instratos
1647 2001 1693 2025 ac
1730 1993 1962 2026 asturcones

263 2051 406 2095 optimi
431 2051 608 2095 generis;
636 2051 828 2091 acinaces,
856 2061 954 2085 auro
978 2051 1224 2096 gemmisque
1248 2053 1423 2091 ornatos,
1451 2050 1609 2095 aliaque
1633 2051 1739 2084 dona
1764 2050 1959 2089 adferens,
1976 2065 2013 2091 25

265 2114 528 2155 versatusque
554 2111 663 2155 apud
690 2121 821 2155 regem
847 2110 1095 2155 aliquamdiu
1123 2110 1283 2150 mansit,
1312 2113 1456 2144 auctus
1481 2109 1626 2143 officiis
1651 2109 1960 2154 honoribusque.

264 2169 409 2203 Postea
434 2170 588 2204 Thoma
614 2170 781 2203 Bocatio
806 2170 1018 2209 cardinale,
1047 2170 1166 2203 Petro
1190 2169 1337 2203 comite
1373 2169 1510 2203 Sancti
1534 2168 1693 2213 Georgii
1716 2179 1763 2202 ac
1785 2168 1962 2214 Josepho

261 2227 406 2268 Somio,
436 2239 507 2262 nec
534 2239 614 2262 non
641 2229 779 2274 Moyse
806 2229 1009 2269 Buslavio,
1038 2229 1242 2274 praefecto
1268 2228 1383 2262 aulae
1424 2231 1465 2262 et
1492 2228 1712 2262 Benedicto
1740 2227 1958 2267 Battianio,

263 2286 333 2331 qui
361 2287 401 2320 in
429 2288 569 2321 aerarii
597 2288 860 2333 praefectura,
890 2288 1095 2333 Stephano
1123 2287 1338 2332 Telegdino
1366 2287 1605 2332 magistratu
1646 2287 1832 2327 abeunte,
1875 2297 1960 2320 suc-

263 2350 445 2385 cesserat,
475 2347 622 2380 obnixe
648 2358 739 2381 eum
766 2347 1154 2386 commendantibus,
1184 2347 1378 2392 oppidum
1405 2346 1503 2381 satis
1529 2346 1715 2391 frequens
1742 2349 1783 2380 et
1809 2345 1962 2380 celebre
1978 2351 2013 2377 30

264 2404 491 2445 Aldiodum,
520 2416 611 2439 cum
637 2406 780 2451 amplis
806 2406 1030 2441 latifundiis
1055 2406 1369 2451 redditibusque,
1404 2406 1445 2439 in
1470 2405 1748 2439 Transilvania
1773 2405 1908 2445 situm,
1937 2415 1961 2438 a

264 2474 353 2507 rege
370 2464 551 2498 donativi
568 2466 739 2505 nomine,
759 2466 867 2510 quod
885 2466 968 2499 eius
985 2475 1146 2510 quoque
1162 2465 1325 2499 heredes
1341 2467 1584 2510 sequeretur,
1603 2464 1793 2498 obtinuit.
1813 2464 1961 2498 Fuerat

264 2521 479 2556 Aldiodum
500 2527 620 2558 antea
638 2525 785 2569 Joanni
805 2524 1062 2564 Tharcziano,
1086 2535 1106 2558 e
1126 2524 1284 2569 regione
1304 2524 1535 2558 Pannoniae
1554 2523 1777 2568 superioris,
1801 2522 1961 2556 Polonis

264 2581 429 2621 vicinae,
456 2582 677 2623 Sarosiana,
706 2583 830 2617 nobili
856 2584 952 2623 viro,
981 2584 1033 2617 ab
1059 2583 1263 2617 Vladislao
1289 2583 1406 2617 certis
1432 2582 1729 2616 conditionibus
1755 2581 1957 2621 collatum,

264 2650 344 2684 quo
365 2643 545 2685 tempore
565 2642 597 2675 is
617 2642 838 2676 Siculorum
860 2653 1003 2682 comes,
1028 2643 1088 2676 uti
1110 2645 1270 2682 vocant,
1294 2642 1355 2676 ius
1376 2641 1451 2676 illis
1473 2641 1631 2686 populis
1664 2641 1835 2675 dicebat.
1869 2640 1957 2679 Sed,
1973 2646 2009 2672 35

264 2709 389 2742 quum
409 2700 610 2734 Raduloni
629 2701 822 2746 oppidum
841 2701 951 2735 istud
970 2701 1234 2746 propinquius
1253 2701 1581 2745 commodiusque
1614 2702 1728 2737 esset,
1751 2710 1820 2733 rex
1837 2699 1958 2744 Joan-

265 2767 355 2790 nem
372 2757 661 2793 Tharczianum
679 2760 827 2804 partim
844 2761 1045 2805 praesenti
1060 2760 1231 2805 pecunia
1247 2770 1319 2805 pro
1337 2770 1382 2794 eo
1399 2762 1622 2799 numerata,
1641 2758 1791 2803 partim
1806 2758 1959 2792 tradita

265 2815 300 2848 ei
328 2826 416 2850 arce
443 2817 610 2858 Onodia,
640 2822 877 2853 contentum
904 2819 1091 2853 reddidit.
1132 2819 1222 2863 Quo
1260 2829 1424 2853 munere
1464 2817 1623 2852 Radulo
1649 2817 1789 2856 laetus,
1820 2816 1958 2860 gratiis

263 2873 467 2908 Vladislao
490 2877 600 2915 actis,
626 2877 667 2910 in
690 2887 803 2911 suam
826 2878 1075 2922 provinciam
1098 2878 1307 2912 incolumis
1329 2887 1510 2911 reversus
1533 2879 1605 2910 est.
1630 2876 1771 2920 Neque
1793 2885 1840 2908 ea
1863 2874 1957 2908 libe-

263 2931 402 2966 ralitas
425 2936 465 2967 et
488 2936 764 2970 munificentia
786 2936 936 2970 frustra
958 2937 1036 2971 fuit
1054 2947 1060 2977 ;
1087 2936 1415 2982 quandoquidem
1437 2935 1512 2974 ille,
1538 2945 1619 2968 non
1641 2934 1850 2967 immemor
1872 2944 1956 2967 mu·
1974 2940 2010 2966 40

266 2990 369 3023 neris
390 2991 461 3030 sui,
486 3003 565 3026 non
587 2997 749 3028 tantum
771 3005 862 3039 erga
883 2995 1131 3029 Vladislaum
1154 3005 1285 3039 regem
1299 2994 1403 3039 grati
1416 2993 1540 3027 animi
1561 2992 1713 3026 meritis
1734 2991 1958 3037 officiisque

265 3050 617 3092 propensissimum
651 3063 691 3086 se
722 3053 908 3097 praebuit
926 3064 933 3093 ;
969 3064 1109 3087 verum
1142 3054 1265 3087 etiam
1297 3053 1338 3086 in
1370 3052 1554 3097 partibus
1586 3051 1781 3085 Ludovici
1813 3050 1885 3084 filii
1917 3054 1958 3084 et

265 3109 500 3142 successoris
513 3120 638 3154 usque
651 3112 702 3145 ad
716 3114 940 3145 extremum
953 3112 1062 3146 vitae
1075 3113 1264 3157 regnique
1277 3112 1360 3145 eius
1373 3111 1495 3144 finem
1508 3110 1663 3154 integra
1675 3110 1958 3154 constantique

269 3164 351 3198 fide
378 3168 609 3211 permansit.
