2209 3643
205 214 266 246 19.
289 203 388 249 Aug.
410 196 525 254 1538]
973 201 1047 236 No.
1071 203 1144 245 236
1833 199 1904 243 283

205 339 387 390 tempus
408 337 591 376 nostrae
612 346 694 381 res,
718 332 935 374 felicitate
957 333 1109 388 aliqua
1131 332 1354 374 adauctae
1376 336 1420 373 et
1443 331 1702 373 cumulatae
1724 330 1906 379 fuerint,

204 404 374 460 aliquo,
404 405 542 446 etiam
572 403 748 458 insigni,
778 417 1067 459 quacumque
1107 404 1152 445 in
1192 418 1238 446 re
1272 402 1534 445 testimonio
1562 402 1685 444 edito
1713 401 1908 444 declare-

206 490 322 526 mus,
348 489 439 517 non
463 475 548 517 nisi
573 489 628 517 ex
653 474 806 516 animo
832 488 913 516 nos
938 475 1178 530 scripsisse.

353 547 485 602 Quod
516 546 575 588 ad
605 545 897 588 woiewodam
930 546 1174 588 Valachiae
1206 545 1389 593 attinet,
1412 558 1562 599 quem,
1589 549 1639 586 ut
1672 543 1908 599 Hungaria

171 618 297 659 ssuis
332 618 466 659 rebus
514 616 765 672 desperatis
807 617 1072 658 auxiliarem
1109 617 1291 665 habeat,
1330 615 1533 671 postulat
1570 616 1641 656 Vra
1678 615 1904 663 Maiestas,

204 702 261 730 ne
276 703 379 731 eum
391 688 508 730 bello
517 701 860 744 persequamur:
879 693 937 735 et,
958 692 1008 729 ut
1025 688 1249 729 exercitus
1263 692 1443 728 nostros
1457 687 1516 728 ab
1532 700 1583 728 eo
1599 687 1908 742 oppugnando

205 760 522 802 contineamus
544 773 550 801 :
582 761 795 814 Magnam
817 758 861 800 in
884 759 967 800 hoc
1000 763 1044 801 et
1078 752 1158 800 Mtis
1179 759 1266 800 Vs³¹⁰
1300 758 1644 807 authoritatem,
1679 762 1724 799 et
1745 771 1907 800 causae

205 835 344 886 atque
359 830 641 873 necessitatis
656 830 863 886 publicae
872 830 1095 871 rationem
1114 830 1468 885 agnoscimus‚et
1487 842 1595 871 sane
1612 828 1723 871 nihil
1742 830 1907 872 morati

205 902 506 944 tribueremus
532 902 578 944 id
604 901 795 944 utilitati
834 901 1041 956 publicae
1079 906 1124 942 et
1161 901 1449 942 voluntatem
1487 906 1691 942 nostram
1730 900 1788 942 ad
1826 894 1906 943 Mtis

149 985 186 1011 10
205 973 292 1014 V¹²¹e
334 973 622 1015 voluntatem
676 985 1033 1027 aggregaremus,
1088 976 1132 1013 et
1174 986 1277 1013 cum
1324 971 1535 1027 prudenti
1579 976 1719 1026 atque
1761 972 1907 1014 amica

205 1043 323 1085 illius
356 1045 645 1099 persuasione
678 1043 1064 1098 conjungeremus,
1100 1043 1135 1084 si
1169 1043 1215 1084 id
1248 1043 1422 1084 factum
1456 1047 1664 1084 nostrum
1698 1047 1742 1084 et
1778 1043 1906 1085 Hun-

203 1115 354 1170 gariae
386 1115 677 1158 commodum
709 1115 894 1169 aliquod
926 1114 1171 1155 allaturum
1204 1113 1441 1155 credamus
1471 1118 1516 1154 et
1548 1113 1678 1155 nobis
1709 1113 1827 1163 inde,
1860 1118 1905 1156 et

205 1186 540 1241 indignitatem,
570 1192 615 1228 et
644 1186 867 1228 iacturam
897 1184 1148 1241 comparari
1176 1198 1267 1225 non
1296 1189 1583 1226 metuamus:
1615 1198 1773 1225 verum
1802 1199 1905 1226 cum

203 1257 414 1300 videmus
433 1257 481 1299 id
503 1256 732 1313 integrum
756 1271 847 1299 non
871 1270 979 1305 esse,
1005 1261 1071 1306 ut,
1097 1255 1220 1311 quod
1244 1255 1448 1298 omnium
1473 1254 1597 1310 regni
1620 1255 1763 1296 nostri
1789 1255 1906 1298 ordi-

148 1340 185 1366 15
204 1342 314 1370 num
330 1341 552 1371 consensu
566 1333 610 1371 et
627 1328 952 1371 deliberatione
975 1332 1042 1369 est
1066 1326 1317 1369 necessario
1340 1326 1620 1376 institutum,
1646 1325 1732 1367 illis
1755 1327 1906 1369 insciis

204 1403 383 1441 mutare
408 1413 490 1441 nos
515 1400 743 1442 arbitratu
766 1404 935 1449 nostro,
962 1412 1052 1440 non
1076 1398 1171 1440 sine
1195 1397 1394 1454 periculo
1417 1397 1706 1439 subditorum
1730 1403 1905 1440 nostro-

203 1484 304 1512 rum
329 1471 573 1513 Valachjae
617 1470 738 1512 mala
781 1470 869 1512 fide
914 1469 1172 1526 provinciae
1205 1469 1512 1511 adiacentium
1540 1468 1800 1511 debeamus.
1845 1469 1905 1511 Et

203 1541 370 1584 adduci
399 1556 491 1585 non
521 1555 775 1598 possumus,
807 1546 858 1583 ut
889 1542 1125 1583 credamus
1155 1540 1296 1587 illum,
1327 1540 1406 1594 qui
1436 1539 1560 1581 nulla
1589 1540 1677 1582 fide
1707 1545 1904 1589 tenetur,

203 1613 370 1656 nullius
400 1614 608 1668 promissi
639 1612 777 1655 habet
809 1613 1047 1661 rationem,
1080 1616 1131 1653 ut
1163 1611 1361 1653 maxime
1392 1610 1548 1666 possit,
1581 1611 1717 1653 vellet
1748 1615 1904 1653 tamen

145 1695 186 1722 20
205 1685 438 1727 communi
490 1684 747 1726 necessitati
793 1697 925 1739 opem
967 1684 1093 1725 ferre.
1140 1683 1230 1724 Res
1271 1686 1339 1723 est
1381 1682 1619 1736 explorata
1655 1686 1700 1723 et
1731 1682 1904 1724 nullam

205 1770 390 1798 causam
412 1771 439 1798 a
459 1755 589 1797 nobis
610 1757 649 1797 V
653 1756 812 1797 alacho
833 1755 991 1796 datam
1013 1768 1107 1796 esse
1129 1754 1187 1796 ad
1207 1758 1341 1796 tanta
1363 1752 1564 1794 facinora
1584 1753 1902 1808 perpetranda,

206 1827 373 1882 quibus
403 1832 447 1869 et
477 1826 657 1876 nostris,
689 1832 733 1868 et
764 1826 1052 1874 subditorum
1082 1830 1342 1866 nostrorum
1363 1823 1629 1873 rationibus,
1652 1824 1757 1865 fidei
1777 1824 1903 1866 iuris-

204 1898 383 1940 iurandi
421 1903 466 1940 et
507 1898 630 1953 pacis
657 1897 928 1939 christianae
956 1897 1138 1945 oblitus,
1167 1896 1412 1951 plurimum
1440 1895 1798 1937 incommodavit
1821 1909 1828 1937 :
1858 1899 1904 1937 et

203 1983 284 2025 per
308 1982 390 2010 nos
415 1983 507 2010 non
533 1969 726 2017 stetisse,
754 1968 997 2022 quominus
1023 1968 1132 2008 haec
1159 1981 1264 2022 pax,
1291 1980 1431 2022 quam
1458 1966 1575 2008 inter
1599 1980 1681 2008 nos
1707 1971 1751 2008 et
1778 1967 1904 2009 illum

144 2050 185 2076 25
203 2044 300 2081 tam
332 2041 548 2082 Maiestas
579 2041 755 2089 Vestra,
789 2053 927 2093 quam
957 2037 1273 2081 Serenissimus
1304 2037 1514 2079 dominus
1542 2038 1743 2091 Joannes
1775 2038 1903 2079 Hun-

202 2111 354 2166 gariae
379 2126 458 2153 rex
479 2111 795 2166 promovebat,
831 2109 1053 2151 coivisset.
1089 2110 1239 2164 Quare
1272 2106 1374 2150 Mtem
1407 2108 1507 2149 Vs³¹¹¹
1540 2121 1719 2151 summo
1751 2109 1903 2151 studio

203 2195 430 2237 rogamus,
452 2186 503 2224 ut
524 2196 641 2237 quae
662 2183 807 2224 facere
826 2180 956 2222 nobis
977 2181 1091 2222 citra
1111 2180 1330 2221 offensam
1351 2178 1587 2233 dignitatis
1607 2184 1652 2221 et
1672 2179 1903 2221 rationum

203 2253 490 2308 publicarum
518 2253 642 2308 regni
671 2253 814 2294 nostri
842 2265 932 2293 non
960 2252 1076 2299 licet,
1097 2265 1149 2293 ea
1177 2250 1284 2292 boni
1313 2249 1543 2292 consulere
1563 2251 1687 2293 velit.
1718 2251 1901 2299 Verum,

204 2328 254 2365 ut
287 2324 512 2380 intelligat
545 2324 759 2366 Maiestas
797 2323 867 2364 Vra
900 2323 1010 2364 nihil
1041 2336 1088 2364 se
1120 2337 1147 2364 a
1178 2321 1308 2363 nobis
1340 2320 1570 2376 postulare
1602 2335 1746 2377 posse,
1780 2321 1904 2376 quod

144 2403 185 2430 30
204 2395 342 2437 modo
365 2396 554 2437 honeste
581 2395 727 2437 facere
751 2407 986 2449 queamus,
1023 2393 1133 2448 quin
1168 2392 1215 2433 id
1249 2392 1295 2433 in
1329 2391 1525 2446 gratiam
1561 2392 1677 2434 illius
1711 2392 1904 2433 libenter

202 2466 343 2508 simus
370 2466 564 2509 facturi:
594 2466 727 2508 scribi
755 2465 942 2507 fecimus
970 2464 1191 2506 mandata
1217 2466 1375 2505 nostra
1402 2463 1461 2505 ad
1487 2468 1694 2506 nostrum
1721 2477 1903 2518 genera-

202 2536 291 2578 lem
313 2537 594 2579 exercituum
618 2537 923 2594 capitaneum,
955 2540 1005 2576 ut
1028 2535 1181 2589 quoad
1201 2535 1399 2589 dignitas
1419 2539 1576 2576 nostra
1605 2534 1728 2588 regia
1758 2534 1903 2588 patia-

203 2612 292 2657 tur,
329 2622 433 2650 cum
453 2608 699 2650 woiewoda
726 2621 820 2649 rem
855 2611 961 2661 agat
996 2605 1180 2647 mitius:
1219 2610 1278 2654 et,
1314 2604 1350 2646 si
1385 2619 1504 2659 quae
1538 2605 1707 2647 damna
1741 2604 1903 2645 ditioni

203 2678 554 2734 hominibusque
579 2680 744 2721 nostris
769 2677 938 2725 intulit,
955 2677 1115 2717 sartire
1139 2681 1279 2730 atque
1303 2676 1348 2716 in
1373 2680 1607 2730 posterum
1629 2675 1687 2717 ab
1711 2675 1902 2716 inferen-

145 2756 184 2782 35
203 2750 272 2792 dis
295 2750 490 2791 subditis
512 2750 678 2792 nostris
701 2748 872 2791 iniuriis
895 2752 940 2789 et
955 2747 1085 2788 nobis
1100 2746 1359 2788 temeritate
1373 2759 1456 2789 sua
1478 2745 1698 2788 vexandis
1721 2745 1902 2800 penitus

203 2834 363 2863 cavere
394 2826 533 2875 atque
563 2821 790 2862 abstinere
819 2817 1027 2867 voluerit,
1057 2817 1183 2858 illum
1213 2817 1259 2858 in
1287 2818 1482 2871 gratiam
1512 2822 1731 2864 nostram,
1763 2815 1902 2857 etiam

203 2892 299 2934 sine
328 2891 473 2940 nobis,
505 2896 691 2946 propter
721 2890 998 2933 celeritatem
1038 2888 1239 2943 recipiat,
1272 2892 1316 2928 et
1349 2888 1572 2930 exercitus
1603 2887 1816 2935 deducat,
1849 2902 1901 2929 ac

204 2963 326 3004 omni
349 2966 476 3003 metu
497 2962 602 3003 belli
624 2963 750 3004 illum
766 2960 937 3008 liberet,
960 2963 1011 3000 ut
1037 2958 1193 3013 possit,
1218 2958 1254 3000 si
1276 2959 1387 3000 velit
1411 2958 1698 3013 Hungaricae
1721 2957 1902 2999 calami-

204 3033 291 3074 tati
318 3046 449 3088 opem
477 3033 603 3075 ferre.
634 3034 759 3074 Haec
787 3031 987 3078 fecimus,
1011 3034 1063 3071 ut
1091 3029 1242 3083 aliqua
1263 3029 1308 3071 in
1334 3034 1478 3084 parte,
1509 3029 1587 3071 ubi
1614 3029 1716 3070 licet
1744 3029 1902 3070 volun-

143 3111 183 3136 40
202 3104 289 3144 tati
328 3104 416 3145 Vrae
444 3096 524 3144 Mtis
558 3104 778 3145 faciamus
811 3102 945 3143 satis:
987 3100 1098 3142 nihil
1141 3099 1402 3142 diffidentes
1442 3100 1566 3142 illam
1593 3104 1723 3154 grato
1751 3100 1903 3141 animo

203 3173 249 3215 id
281 3178 604 3229 accepturam;
638 3178 698 3222 et,
732 3178 784 3215 ut
816 3172 1053 3228 pollicetur
1084 3171 1260 3220 litteris,
1295 3176 1570 3220 curaturam,
1604 3184 1660 3212 ne
1691 3170 1903 3226 deinceps
