2209 3643
172 217 209 252 8.
231 216 327 262 Julii
352 211 460 266 1537}
940 220 1013 253 No,
1038 230 1111 261 229
1798 230 1870 266 273

320 348 481 389 Petrus
512 348 595 390 Dei
625 349 772 403 gratia
802 349 1010 392 waivoda
1039 355 1084 392 et
1115 351 1326 393 dominus
1356 365 1408 393 ac
1439 351 1594 393 haeres
1623 355 1872 407 perpetuus

169 419 295 473 regni
337 418 609 462 Moldaviae.

318 489 522 532 Misimus
558 490 678 532 hunc
713 489 911 532 nobilem
949 492 1186 534 Nicolaum
1222 493 1474 535 Valachum
1511 507 1613 535 cum
1650 493 1782 536 certis
1818 507 1871 537 ac

169 560 301 608 veris,
346 573 429 603 nec
470 575 562 603 non
605 561 759 603 arduis
803 561 937 604 rebus
979 576 1082 618 erga
1134 563 1345 606 Sacra¹¹¹³¹¹¹
1392 564 1580 619 Regiam
1624 562 1726 606 Mtem
1769 564 1868 606 V“'²'u

132 643 151 668 5
169 631 406 674 dominum
427 636 634 674 nostrum
668 632 1104 684 Clementissimum;
1133 635 1270 689 igitur
1301 635 1622 690 supplicantes
1666 635 1867 678 Sacramae

168 695 234 743 Mti
272 702 361 744 Vrae
397 708 448 745 ut
484 702 702 759 quicquid
739 703 940 746 Sacrame
987 698 1054 746 Mti
1090 705 1179 747 Vme
1213 710 1369 748 nostro
1395 706 1577 748 nomine
1611 706 1866 762 protulerit,

165 773 303 815 fidem
330 773 567 816 indubiam
594 774 808 816 adhibere
835 774 1058 829 dignetur.
1089 776 1211 818 Deus
1238 781 1393 818 autem
1420 777 1640 831 benignus
1666 782 1711 819 et
1749 777 1867 833 opti-

165 858 267 887 mus
308 845 518 888 Sacramam
564 842 667 887 Mt⁰¹¹¹
712 846 810 887 Vs³¹¹¹¹
856 846 915 888 ad
959 852 1069 890 vota
1112 860 1195 890 sua
1244 847 1368 889 omni
1424 848 1659 904 triumpho
1702 862 1864 891 sanum

165 929 432 959 conservare
466 920 511 958 et
546 916 681 972 longa
716 920 923 972 tempora
957 918 1180 973 dignetur.

109 996 148 1023 1⁰
311 988 382 1029 Ex
407 986 566 1030 castris
590 987 795 1037 nostris,1
821 1001 860 1030 2.
884 988 1007 1043 Julii.
1034 990 1167 1031 Anno
1192 989 1375 1031 Domini
1404 1000 1527 1044 1537.

303 1066 328 1104 I
331 1066 536 1105 ntitulatz'o
554 1078 567 1105 .·
588 1065 709 1105 Sermo
743 1078 791 1104 ac
810 1066 985 1105 Sacra¹¹¹0
1011 1067 1188 1119 principi
1215 1072 1257 1105 et
1285 1067 1469 1111 domino,
1495 1068 1670 1106 domino
1693 1068 1864 1107 favente

162 1123 308 1163 divina
323 1124 548 1164 clementia
565 1126 871 1171 Romanorum,
884 1126 1139 1177 Hungariae,
1161 1126 1388 1165 Bohemiae
1407 1127 1490 1178 regi
1500 1139 1662 1179 semper
1671 1128 1863 1179 Augusto

162 1187 242 1222 etc.
273 1184 457 1223 Domino
485 1189 630 1223 nostro
658 1185 972 1236 gratiosissimo.

482 1257 709 1302 (Originale.
747 1258 1034 1298 Staatsarcfflv,
1075 1258 1200 1293 Wien.
1242 1258 1500 1303 Hungarica.)

107 1386 146 1413 15
960 1377 1057 1418 229.

698 1468 910 1523 Pozsony,
951 1470 991 1511 8.
1032 1469 1152 1523 sulii
1192 1480 1318 1523 1537.

260 1557 458 1597 Nicolaus
488 1558 668 1597 Gerendi
698 1558 918 1610 episcopus
949 1558 1263 1610 Transylvanus
1294 1559 1560 1598 Ferdinando
1592 1560 1623 1599 I.
1654 1560 1750 1611 regi.

304 1645 479 1687 Nuntia
511 1660 622 1688 nova
654 1646 703 1687 de
734 1646 915 1701 negotiis
947 1647 1003 1687 M
1006 1646 1414 1688 oldavo-Valachiae
1445 1647 1649 1689 tractatis.

306 1735 373 1776 De
404 1734 585 1790 negotio
606 1734 996 1776 Transsilvanensi
1023 1735 1134 1776 haec
1165 1734 1210 1776 in
1242 1733 1397 1790 ciphra
1428 1735 1638 1777 dominus
1659 1735 1857 1792 Gasparl

98 1823 143 1849 20
158 1804 314 1847 scribit
337 1819 343 1847 1
376 1806 485 1847 Heri
513 1805 577 1848 fui
606 1806 650 1847 in
675 1806 801 1861 Sepsi
829 1820 932 1847 cum
954 1806 1175 1860 Maylath,
1199 1805 1277 1860 qui
1304 1806 1378 1847 ubi
1410 1806 1562 1848 omnia
1589 1807 1634 1848 in
1662 1821 1733 1849 me
1761 1813 1858 1849 ten-

158 1880 300 1918 tasset
324 1881 369 1918 et
391 1877 504 1919 nihil
526 1890 606 1932 pro
629 1890 674 1918 se
696 1877 956 1925 invenisset,
981 1876 1097 1918 dixit
1120 1876 1307 1918 tandem
1330 1890 1433 1918 curn
1455 1877 1708 1931 potioribus
1730 1878 1856 1919 nobi-

158 1947 290 1996 libus,
317 1947 477 1990 Siculis
506 1962 557 1989 ac
583 1947 840 1989 Saxonibus
869 1947 1035 1989 habere
1064 1947 1410 2002 intelligentiam
1440 1952 1484 1989 et
1514 1949 1667 2003 potius
1695 1949 1857 1991 volunt

158 2018 385 2061 tributum
411 2019 518 2061 dare
541 2019 793 2061 Turcarum
819 2018 1095 2073 imperatori,
1121 2032 1260 2073 quam
1285 2018 1521 2060 dominum
1544 2024 1752 2061 nostrum
1776 2035 1858 2076 pro

158 2103 260 2145 rege
297 2089 477 2139 habere,
518 2094 562 2131 et
601 2089 867 2138 affirmavit,
898 2090 1022 2144 quod
1058 2103 1138 2144 per
1174 2088 1525 2144 Transalpinum
1563 2090 1857 2146 practicasset

99 2177 141 2203 225
158 2163 269 2203 haec
309 2175 411 2203 curn
450 2175 516 2210 eo,
556 2161 806 2203 Turcarum
845 2160 1092 2215 imperator
1129 2159 1361 2215 promittit
1400 2164 1444 2202 et
1484 2160 1771 2216 dignitatem,
1811 2166 1856 2204 et

159 2235 394 2275 fortunam
424 2232 646 2287 equaliter
674 2245 852 2274 mecum
882 2231 1097 2280 dividere,
1128 2231 1206 2273 sed
1236 2231 1324 2274 alia
1352 2235 1420 2272 est
1451 2245 1600 2281 causa,
1632 2233 1756 2288 quod
1785 2247 1857 2276 me

158 2309 343 2347 tantum
367 2308 506 2352 amat,
531 2304 638 2358 quia
660 2301 912 2345 dominium
934 2316 1028 2344 non
1050 2302 1227 2356 patitur
1247 2302 1433 2350 socium,
1456 2303 1535 2345 sed
1557 2317 1647 2345 non
1670 2304 1857 2346 confidit

159 2376 377 2418 fratribus
413 2374 581 2416 nostris
617 2372 963 2422 Transsilvanis,
1003 2373 1134 2415 timet
1172 2377 1217 2415 et
1256 2372 1535 2423 Moldavum,
1575 2379 1620 2417 et
1657 2388 1749 2416 non
1787 2380 1855 2417 est

159 2451 289 2488 tutus
312 2446 357 2487 in
381 2445 485 2487 sede
507 2459 602 2487 sua.
643 2445 752 2487 Ideo
775 2458 846 2485 me
869 2448 1053 2485 tantum
1078 2448 1216 2485 amat.
1239 2443 1327 2486 Sed
1349 2457 1440 2486 non
1464 2444 1558 2494 fiet,
1584 2445 1708 2500 quod
1736 2445 1850 2487 vult.

101 2530 142 2557 ao
159 2517 231 2559 Ad
246 2531 318 2559 me
336 2516 552 2558 miserant
572 2516 737 2558 iterum
756 2515 918 2556 fratres
935 2513 1079 2556 nostri
1095 2514 1283 2557 Balassa
1301 2519 1346 2556 et
1368 2514 1532 2565 Kendi,
1549 2516 1627 2570 qui
1646 2521 1856 2558 constan-

159 2587 331 2630 tissime
358 2587 497 2629 nostri
528 2592 634 2628 sunt
663 2601 766 2628 cum
795 2585 1005 2628 omnibus
1033 2585 1262 2634 fratribus,
1291 2585 1370 2634 ita,
1400 2591 1451 2628 ut
1479 2600 1715 2642 nunquam
1743 2587 1854 2629 alias

160 2659 304 2714 magis
337 2659 393 2700 de
425 2657 640 2699 Moldavo
673 2657 783 2712 quid
816 2655 1053 2698 habuerim
1071 2669 1079 2704 ;
1113 2660 1198 2697 etc.

306 2729 500 2777 Posonii‚
538 2728 577 2770 8.
611 2728 719 2782 Julii
760 2738 883 2781 1537.

304 2807 530 2852 (Originale.
545 2806 833 2844 Staatsarchiv‚
851 2805 976 2839 Wien.
994 2804 1236 2849 Hungarica.
1254 2805 1409 2842 Edidit:
1427 2805 1576 2840 Archiv
1591 2806 1852 2843 desVereines

99 2882 142 2908 135
159 2867 223 2901 ΗΠ
247 2869 595 2914 siebenburgische
623 2867 918 2902 Landeskunde
947 2863 1024 2897 vol.
1053 2874 1112 2906 29.
1138 2874 1228 2909 pag.
1254 2865 1356 2908 613.)

310 2964 323 2985 ¹
347 2964 497 2997 Forsan
522 2963 850 3006 Tmnsyhanicis,
888 2961 982 3006 quia
1010 2960 1218 2995 Elisabeth
1239 2962 1289 2996 de
1312 2962 1636 3007 Frangepanibus
1662 2963 1718 2997 18.
1742 2963 1851 3008 Junii

164 3032 271 3067 1537.
288 3022 386 3056 haec
401 3021 539 3056 scribit
555 3032 604 3056 ex
621 3022 706 3055 Ida:
725 3021 834 3055 Dicit
848 3021 880 3054 is
895 3020 1060 3054 nuntius
1075 3030 1146 3064 pro
1161 3023 1282 3060 certo,
1299 3021 1524 3055 waivodam
1538 3021 1850 3056 Moldaviensem

159 3081 462 3115 Transilvaniae
485 3091 568 3114 esse
590 3081 631 3114 in
655 3079 1008 3125 depraedationem
1031 3077 1134 3112 illius
1158 3079 1278 3123 regni.
1304 3079 1465 3124 (Archiv
1488 3080 1556 3114 des
1580 3080 1764 3115 Vereines
1787 3081 1852 3115 fiir

158 3139 194 3174 S.
225 3140 267 3173 L.
298 3139 375 3173 vol.
406 3150 465 3181 29.
494 3150 583 3184 pag.
613 3140 714 3183 607.)

109 3210 147 3235 40
310 3198 324 3218 1
359 3197 511 3242 Gaspar
544 3198 731 3231 Horvath
764 3197 813 3231 de
846 3196 1039 3240 Wingart.

228 3284 332 3310 Fontes
352 3284 457 3310 Rerum
477 3285 754 3318 Transyivan⁷carmn
774 3283 828 3310 IV.
1666 3275 1705 3309 18
