2209 3643
223 221 280 256 17.
301 209 411 255 Junii
434 203 544 257 1528]
920 204 995 240 No.
1022 215 1223 248 129—130
1851 210 1918 247 171

1027 357 1126 398 129.

738 467 943 517 Krakow,
985 480 1053 522 17.
1096 467 1234 521 Junii
1273 467 1400 520 1528.

421 559 630 598 Martinus
657 558 710 598 de
738 558 949 597 Feustritz
980 558 1247 596 Ferdinando
1277 558 1309 597 I.
1340 558 1425 609 regi
1455 557 1712 608 Hungariae.

367 660 433 702 De
458 660 686 702 invasione
711 658 868 700 Laskii
893 658 950 699 ad
976 658 1133 699 bonum
1151 657 1186 711 J
1188 656 1349 699 oannis
1375 657 1612 712 Szapolyaz·
1636 657 1924 712 ignominiose

191 756 208 781 5
223 732 364 784 finita.

366 838 627 893 Jeronimus
653 850 835 892 quoque
862 837 1028 891 Lasky‚
1056 840 1107 878 ut
1134 836 1259 877 fama
1284 840 1367 885 est,
1396 835 1569 890 aliquot
1609 836 1732 877 milia
1758 836 1924 878 Turca-

224 925 325 953 rum
348 910 393 951 in
415 913 659 951 montanas
680 922 823 963 usque
845 912 997 962 partes
1015 907 1217 961 Johanni
1239 906 1486 962 Zapoliano
1508 907 1727 948 auxilium
1749 907 1925 949 laturus

225 995 377 1024 secum
404 980 674 1028 adduxerat,
702 979 780 1021 ubi
806 993 909 1021 cum
935 979 1107 1020 Turcae
1133 992 1236 1019 eum
1262 991 1318 1019 ex
1343 991 1480 1032 regno
1507 978 1769 1033 Hungariae
1795 978 1925 1020 aufu-

225 1054 339 1108 gisse
370 1052 701 1101 intellexerant,
734 1050 915 1092 difficile
945 1050 1029 1090 illis
1059 1049 1207 1090 visum
1237 1053 1304 1090 est
1334 1054 1541 1090 nostrum
1571 1049 1740 1091 auxilio
1769 1063 1925 1091 eorum

173 1134 207 1159 10
226 1125 271 1166 in
297 1137 484 1178 regnum
510 1121 772 1177 Hungariae
796 1135 925 1176 posse
950 1120 1143 1169 restitui,
1170 1120 1467 1175 quamobrem
1487 1120 1748 1174 Jeronimus
1773 1121 1926 1176 Lasky

226 1209 305 1250 spe
344 1209 426 1237 sua
465 1194 726 1243 frustratus,
768 1193 855 1234 illic
895 1193 940 1233 in
980 1191 1210 1233 Moldavia
1249 1196 1429 1246 praeter
1467 1204 1597 1233 suam
1636 1192 1926 1233 voluntatem

226 1280 408 1308 manere
459 1265 647 1319 cogitur,
699 1268 954 1319 propterea,
990 1262 1114 1317 quod
1163 1262 1394 1317 palatinus
1430 1262 1693 1304 Balachiae1
1744 1267 1926 1304 tantam

227 1337 482 1379 custodiam
506 1336 551 1377 in
574 1335 827 1377 confinibus
849 1348 957 1376 suae
979 1339 1126 1376 terrae
1149 1333 1401 1383 collocavit,
1427 1338 1478 1375 ut
1502 1333 1597 1389 ipse
1621 1347 1712 1388 qua
1735 1333 1927 1375 evadere

226 1408 368 1463 possit
407 1408 628 1449 hactenus
666 1406 863 1448 incertus
901 1406 974 1455 sit,
1015 1405 1258 1459 feruntque
1295 1404 1555 1460 palatinum
1593 1405 1850 1454 Balachiae,
1891 1405 1927 1446 si

172 1479 353 1521 15illum
395 1477 784 1533 comprehenderit
827 1476 944 1518 illico
985 1476 1044 1517 ad
1084 1475 1187 1517 Mtem
1218 1476 1317 1517 me
1360 1489 1454 1518 esse
1495 1476 1749 1518 missurum.
1795 1477 1927 1517 Prae-

228 1555 352 1592 terea
395 1554 617 1604 quattuor
659 1553 908 1602 antequam
952 1547 1149 1589 Wilnam
1193 1547 1477 1589 advenissem
1521 1547 1692 1596 diebus,
1738 1547 1928 1589 nuntius

227 1621 421 1676 palatini
440 1620 684 1662 Balachiae
705 1634 730 1662 a
750 1634 851 1674 rege
872 1618 1085 1660 Poloniae
1105 1618 1384 1668 discesserat,
1406 1632 1542 1673 quem
1564 1618 1618 1659 de
1639 1618 1927 1673 expeditione

228 1692 478 1734 Turcarum
507 1696 552 1733 et
581 1705 737 1733 eorum
765 1705 820 1732 ex
849 1689 1244 1744 Constantinopoli
1273 1703 1451 1744 egressu
1479 1689 1716 1731 certiorem
1758 1690 1926 1731 fecerat

230 1769 382 1818 atque,
418 1767 469 1804 ut
504 1762 589 1804 sibi
620 1762 894 1818 provideret,
931 1760 1182 1809 admonuit,
1218 1760 1425 1815 interque
1458 1760 1637 1815 potiora
1669 1774 1752 1801 sua
1784 1761 1928 1802 relata

175 1843 210 1870 20
231 1848 381 1889 regem
406 1834 620 1875 Poloniae
644 1834 855 1875 hortatus
880 1836 946 1874 est
980 1846 1033 1873 ac
1068 1831 1261 1886 rogavit,
1300 1836 1526 1886 quatenus
1550 1825 1617 1872 Mti
1644 1832 1733 1872 Vrae
1760 1831 1928 1886 Regiae

235 1906 478 1954 assisteret,
515 1904 887 1959 quandoquidem
922 1902 1024 1944 Mtem
1060 1903 1161 1944 ΨΜ
1198 1902 1387 1957 Regiam
1423 1907 1520 1944 tam
1555 1902 1740 1952 iustum,
1769 1907 1928 1957 poten-

231 1983 325 2019 tem
352 1981 397 2018 et
425 1976 723 2018 christianum
749 1989 898 2030 regem
925 1974 1120 2016 evasisse
1147 1978 1340 2023 constat,
1370 1978 1421 2015 ut
1449 1973 1756 2015 christianitas
1782 1973 1929 2015 maius

232 2048 375 2103 Regia
424 2048 497 2089 Vra
542 2045 616 2088 Mte
656 2052 815 2088 contra
865 2045 1136 2087 christianae
1186 2044 1291 2085 fidei
1341 2044 1494 2086 hostes
1537 2044 1928 2099 propugnaculum

233 2132 452 2174 spemque
481 2118 698 2160 maiorem
729 2131 820 2159 non
850 2117 1032 2158 habeat.

176 2199 216 2225 25
380 2189 637 2239 Cracoviae‚
669 2201 735 2243 17.
762 2188 901 2242 Junii.
931 2188 1064 2228 Anno
1093 2186 1217 2239 1528.

626 2294 852 2339 (Originale.
879 2292 1167 2331 Staatsarchiv,
1197 2292 1322 2326 VVien.
1353 2291 1568 2335 Polonica.)

1037 2456 1136 2497 130.

798 2568 943 2617 Euda,
980 2579 1049 2609 12.
1086 2567 1206 2620 sulii
1241 2567 1368 2620 1528.

413 2661 723 2698 Locumtenens
741 2664 783 2698 et
803 2658 1026 2698 consiliarii
1046 2656 1314 2696 Ferdinando
1334 2657 1366 2695 I.
1388 2656 1474 2707 regi
1494 2655 1749 2707 Hungariae.

183 2765 218 2791 30
375 2759 569 2800 Notitiae
598 2760 647 2801 de
661 2757 1007 2814 possessionibus
1021 2757 1077 2797 il!
1081 2755 1287 2797 oldavicis
1313 2754 1472 2802 Csicso',
1505 2755 1647 2796 Cliilie
1672 2759 1708 2795 et
1731 2755 1778 2796 N
1780 2755 1932 2796 esther-

237 2829 346 2871 alba.

384 2911 678 2953 Reverendus
707 2911 918 2953 dominus
946 2909 1207 2952 Nitriensis1
1236 2908 1358 2950 misit
1401 2907 1460 2949 ad
1488 2921 1570 2949 nos
1610 2908 1785 2950 litteras
1825 2908 1928 2964 [per]

240 2982 536 3024 camerarium
562 2983 654 3024 Vrae
669 2982 935 3031 Maiestatis,
953 2980 1117 3035 quibus
1143 2979 1381 3028 mandant,
1403 2983 1455 3020 ut
1470 2979 1646 3020 litteras
1663 2983 1707 3020 et
1723 2979 1821 3020 iura
1834 2993 1931 3028 sua,

382 3111 396 3131 ¹
417 3113 563 3147 Recte:
598 3112 837 3153 Moldaviae,
873 3111 1016 3146 Petrus
1048 3110 1185 3157 Rares.

189 3203 225 3229 35
390 3194 404 3215 1
422 3194 650 3239 Stephanus
675 3194 986 3239 Podmaniczky.
