2209 3643
315 230 388 265 274
1008 215 1081 249 No.
1105 224 1304 259 230—-231
1688 209 1761 263 [25.
1784 214 1883 259 Aug.
1910 223 2015 259 1537

1117 366 1217 407 230.

846 476 1010 525 Praha,
1035 487 1102 529 25.
1131 476 1168 517 A
1178 476 1321 531 agusti
1344 487 1470 529 1537.

462 566 669 606 Giovanni
712 567 882 604 Morone
924 565 1098 604 nuntius
1140 565 1361 604 secretario
1404 564 1625 604 Ambrosio
1669 564 1885 603 Ricalcati.

460 666 557 707 Etsi
577 670 665 720 pax
688 665 797 706 inter
817 665 1043 706 vaivodam
1063 665 1119 705 M
1122 665 1315 706 oldam‘ae
1336 670 1373 707 et
1393 678 1527 719 regem
1544 664 1753 706 Poloniae
1774 664 1900 705 condi
1920 677 2008 706 non

315 737 468 792 potuit,
494 742 636 778 tamen
661 749 783 777 arma
809 735 1108 777 verosimiliter
1131 736 1358 791 quiescent.
2043 747 2069 772 τ»

457 844 576 886 Sono
612 843 822 884 ritornati
858 841 1211 884 l'ambasciatori
1248 842 1456 884 mandati
1493 842 1539 883 in
1576 841 1777 890 Polonia,
1815 842 2011 884 secondo

316 914 358 954 13
377 913 664 969 persuasione
683 914 725 955 di
744 914 835 955 Sua
851 913 1045 962 Santita,
1065 927 1145 968 per
1162 914 1399 968 pacificare
1419 913 1569 968 quello
1586 926 1632 954 re
1650 916 1697 955 et
1716 912 1746 954 il
1764 912 1978 954 Moldavo
2000 926 2009 962 ;

315 986 590 1027 nondimeno
609 985 798 1026 essendo
817 984 862 1026 in
882 988 1009 1026 tutto
1029 984 1313 1026 discatenato
1333 984 1362 1025 il
1383 985 1531 1026 furore
1551 984 1623 1025 del
1641 981 1819 1025 nemico
1838 987 2010 1032 nostro,

315 1070 405 1098 non
444 1057 597 1097 hanno
633 1060 821 1111 possuto
860 1055 928 1096 far
965 1055 1123 1097 effetto
1162 1055 1336 1097 alcuno.
1379 1055 1444 1096 La
1482 1054 1788 1096 controversia
1826 1055 1848 1095 e
1886 1058 2012 1095 stata

317 1128 477 1184 perche
505 1127 534 1168 il
562 1127 773 1182 predetto
800 1126 1013 1168 Moldavo
1040 1127 1113 1168 nel
1140 1130 1338 1168 trattato
1365 1126 1483 1167 della
1510 1139 1620 1181 pace
1647 1139 1738 1167 non
1766 1125 1824 1166 ha
1851 1124 2012 1166 voluto
2029 1136 2070 1162 10³

317 1199 485 1247 cedere,
521 1211 647 1239 601116
680 1198 837 1246 devea,
873 1198 931 1239 ad
965 1197 1114 1239 alcuni
1147 1197 1270 1252 paesi
1304 1196 1528 1251 occupati,
1563 1196 1686 1251 quali
1719 1200 1933 1251 spettano
1967 1196 2011 1237 al

316 1283 453 1324 regno
473 1268 518 1310 di
540 1268 727 1310 Polonia
748 1282 756 1318 ;
779 1282 855 1310 ma
874 1281 986 1324 pure
1007 1268 1040 1309 si
1064 1269 1123 1310 ha
1144 1272 1331 1323 operato
1353 1272 1486 1309 tanto
1507 1267 1588 1308 che
1608 1280 1687 1322 per
1707 1271 1868 1321 questo
1890 1280 2014 1308 anno

316 1354 407 1382 non
422 1340 457 1381 si
473 1340 581 1381 dara
597 1339 816 1394 principio
835 1339 893 1381 ad
912 1339 1029 1381 altra
1046 1353 1219 1394 guerra,
1235 1344 1280 1380 et
1296 1339 1365 1380 fra
1380 1342 1541 1393 questo
1560 1351 1713 1380 mezzo
1728 1337 1819 1379 Sua
1837 1338 2012 1378 Maesta

317 1411 378 1452 mi
399 1412 459 1452 ha
480 1411 609 1452 detto
631 1410 711 1452 che
732 1423 823 1451 non
846 1410 1024 1465 dispera
1058 1409 1103 1452 di
1125 1414 1306 1452 trovare
1328 1410 1519 1464 qualche
1541 1409 1665 1451 modi
1686 1408 1731 1450 di
1753 1407 2011 1464 pacificarli,

318 1487 361 1524 et
400 1482 489 1523 cosi
526 1481 720 1523 secondo
750 1481 1079 1536 l'opportunita
1106 1480 1436 1536 perseverando
1473 1481 1591 1522 nella
1617 1479 1929 1522 commissione
1967 1478 2011 1520 di
2029 1491 2072 1518 if>

319 1553 485 1594 Nostro
506 1552 690 1607 Signore
713 1551 740 1593 11
767 1565 823 1594 116
848 1552 958 1594 (1310
983 1552 1173 1606 qualche
1196 1551 1372 1593 ricordo
1389 1564 1398 1601 ;
1421 1555 1506 1594 etc.

462 1655 686 1700 (Originale.
712 1654 901 1689 Archivio
924 1654 964 1689 di
985 1655 1112 1695 Stato,
1139 1654 1295 1700 Napoli.
1322 1654 1487 1689 Edidit:
1515 1653 1917 1688 Nuntiaturberichte
1940 1662 2012 1686 aus

320 1715 595 1749 Deutschland
623 1715 701 1749 vol.
733 1715 809 1759 Is2.
840 1725 929 1760 pag.
962 1714 1063 1758 201.)

1116 1868 1214 1910 231.

728 1978 1011 2032 fflesztercae,
1045 1978 1138 2030 sine
1170 1977 1416 2019 Decembris
1450 1978 1608 2031 1537]
2026 1992 2072 2018 20:

318 2068 566 2120 Anonymus
604 2067 884 2107 Bistriciensis
923 2069 974 2107 de
1012 2067 1250 2120 proditione
1292 2067 1405 2106 Petri
1444 2067 1652 2106 vaivodae
1692 2065 1928 2105 Moldaviae
1968 2065 2011 2103 in

901 2140 1021 2166 suam
1044 2127 1262 2166 civitatem
1286 2127 1414 2165 facta.

464 2226 685 2281 Quaedam
713 2228 889 2280 formae,
920 2227 1076 2284 quibus
1105 2227 1257 2269 civitas
1290 2226 1593 2269 Bistricz'ensis
1621 2227 1708 2279 jere
1735 2225 1906 2281 prodita
1937 2229 2010 2266 est.

468 2332 593 2374 Inter
617 2333 766 2375 varias
792 2333 1101 2389 proditionum
1129 2334 1296 2375 formas
1323 2333 1380 2375 ab
1408 2347 1459 2375 eo
1486 2337 1703 2388 tempore,
1731 2345 1822 2387 quo
1849 2331 2013 2373 civitas

321 2401 619 2444 Bistriciensis
656 2404 1012 2460 Transylvaniae
1050 2418 1129 2460 per
1166 2403 1496 2446 Moldavienses
1534 2403 1827 2445 obsidebatur
1866 2402 2071 2444 13613525,

320 2473 429 2514 11366
466 2474 689 2515 notabiles
725 2479 861 2516 sunt:

464 2544 625 2585 Missus
644 2550 711 2586 651
732 2545 942 2595 Μ3111135,
963 2560 1099 2600 quem
1118 2549 1285 2587 vocant
1306 2545 1566 2594 Wisternik,
1586 2545 1671 2586 hoc
1690 2548 1757 2586 est
1777 2543 2011 2585 thesaura-

320 2614 425 2663 rius,
459 2618 696 2670 tamquam
729 2616 917 2658 nuntius
949 2616 1170 2671 publicus,
1204 2616 1283 2671 qui
1315 2616 1360 2657 in
1394 2617 1608 2670 ingressu,
1642 2614 1710 2656 uti
1743 2618 2010 2656 consuetum

321 2688 431 2734 erat,
462 2698 540 2739 per
568 2685 761 2728 iudicem
790 2700 905 2741 pene
933 2687 1092 2729 stadiis
1121 2687 1299 2729 duobus
1327 2700 1464 2742 supra
1493 2686 1741 2733 civitatem,
1784 2684 1893 2726 dum
1935 2698 2010 2725 ex-

323 2753 546 2809 ciperetur
576 2757 851 2799 salutatione
888 2757 1046 2800 iudicis
1087 2758 1259 2807 audita,
1302 2758 1460 2799 statim
1502 2757 1695 2798 iudicem
1736 2759 1916 2809 caperet
1959 2768 2011 2798 ac
2029 2768 2073 2794 30

323 2837 473 2867 secum
498 2826 543 2867 in
568 2827 844 2869 Moldaviam
869 2829 1117 2871 festinaret.
1145 2829 1322 2870 Nomen
1347 2827 1506 2869 iudicis
1529 2827 1646 2868 illius
1669 2826 1886 2880 temporis
1910 2831 2008 2868 erat

322 2895 519 2938 Thomas
537 2897 734 2947 Wemer,
754 2898 832 2952 qui
851 2903 895 2940 et
915 2899 1001 2940 isto
1020 2912 1139 2941 anno
1158 2899 1316 2941 eodem
1335 2897 1483 2939 officio
1502 2901 1727 2939 oneratur.
1750 2896 1793 2936 Is
1812 2910 2011 2950 namque

324 2978 349 3005 a
379 2966 597 3022 principio
615 2968 840 3010 Walachis
871 2969 1065 3019 obstitit,
1087 2983 1143 3011 ne
1163 2982 1344 3024 prorsus
1375 2968 1536 3009 civitas
1567 2968 1612 3008 in
1643 2980 1797 3008 eorum
1829 2967 2010 3009 caderet

324 3049 498 3086 manus,
536 3038 721 3079 tandem
759 3052 861 3080 611111
898 3040 989 3081 1316
1025 3040 1199 3081 facinus
1234 3038 1431 3080 Mathias
1467 3037 1712 3079 Wisternik
1747 3051 1837 3079 non
1874 3051 2012 3079 ausus

326 3105 483 3147 11115561
530 3111 771 3156 3116111316,
807 3122 861 3150 ex
895 3123 986 3164 quo
1019 3110 1165 3151 minor
1197 3110 1428 3151 videretur
1461 3108 1646 3157 viribus,
1681 3122 1819 3163 quam
1854 3108 1931 3162 qui
1965 3107 2012 3149 id
2026 3120 2074 3145 a

325 3175 534 3229 perficere
566 3182 730 3231 posset.
768 3178 820 3219 In
855 3179 1088 3221 civitatem
1123 3180 1409 3221 introductus
1443 3183 1525 3228 est,
1560 3178 1638 3220 ubi
1672 3179 1807 3221 aliam
1841 3178 2013 3220 struxit
