<?xml version="1.0" encoding="UTF-8"?>
<!DOCTYPE html PUBLIC "-//W3C//DTD XHTML 1.0 Transitional//EN"
    "http://www.w3.org/TR/xhtml1/DTD/xhtml1-transitional.dtd">
<html xmlns="http://www.w3.org/1999/xhtml" xml:lang="en" lang="en">
 <head>
  <title>
</title>
<meta http-equiv="Content-Type" content="text/html;charset=utf-8" />
  <meta name='ocr-system' content='tesseract 3.04.00' />
  <meta name='ocr-capabilities' content='ocr_page ocr_carea ocr_par ocr_line ocrx_word'/>
</head>
<body>
  <div class='ocr_page' id='page_1' title='image "actaetepistolaer01vereuoft_0165.png"; bbox 0 0 2209 3643; ppageno 0'>
   <div class='ocr_carea' id='block_1_1' title="bbox 214 190 1911 244">
    <p class='ocr_par' dir='ltr' id='par_1_1' title="bbox 214 190 1911 244">
     <span class='ocr_line' id='line_1_1' title="bbox 214 190 1911 244; baseline -0.002 -14"><span class='ocrx_word' id='word_1_1' title='bbox 214 208 248 242; x_wconf 86' lang='lat'>5.</span> <span class='ocrx_word' id='word_1_2' title='bbox 273 196 361 231; x_wconf 88' lang='lat' dir='ltr'>Oct.</span> <span class='ocrx_word' id='word_1_3' title='bbox 388 190 496 244; x_wconf 86' lang='lat'>1527]</span> <span class='ocrx_word' id='word_1_4' title='bbox 979 194 1054 228; x_wconf 93' lang='lat' dir='ltr'>No.</span> <span class='ocrx_word' id='word_1_5' title='bbox 1080 205 1148 229; x_wconf 92' lang='lat'>112</span> <span class='ocrx_word' id='word_1_6' title='bbox 1841 202 1911 238; x_wconf 85' lang='lat'>149</span> 
     </span>
    </p>
   </div>
   <div class='ocr_carea' id='block_1_2' title="bbox 181 322 1912 877">
    <p class='ocr_par' dir='ltr' id='par_1_2' title="bbox 211 322 1912 593">
     <span class='ocr_line' id='line_1_2' title="bbox 212 322 1910 374; baseline -0.002 -6"><span class='ocrx_word' id='word_1_7' title='bbox 212 331 293 368; x_wconf 90' lang='lat' dir='ltr'>aut</span> <span class='ocrx_word' id='word_1_8' title='bbox 319 330 497 368; x_wconf 92' lang='lat' dir='ltr'>nostros</span> <span class='ocrx_word' id='word_1_9' title='bbox 521 329 799 374; x_wconf 86' lang='lat' dir='ltr'>attentatur;</span> <span class='ocrx_word' id='word_1_10' title='bbox 825 325 1255 374; x_wconf 88' lang='lat' dir='ltr'>Transilvanienses,</span> <span class='ocrx_word' id='word_1_11' title='bbox 1279 324 1388 366; x_wconf 89' lang='lat' dir='ltr'>item</span> <span class='ocrx_word' id='word_1_12' title='bbox 1410 324 1582 366; x_wconf 84' lang='lat' dir='ltr'>Siculos</span> <span class='ocrx_word' id='word_1_13' title='bbox 1606 327 1650 365; x_wconf 90' lang='lat' dir='ltr'>et</span> <span class='ocrx_word' id='word_1_14' title='bbox 1672 322 1910 371; x_wconf 83' lang='lat' dir='ltr'>valachos,</span> 
     </span>
     <span class='ocr_line' id='line_1_3' title="bbox 211 394 1912 451; baseline -0.003 -12"><span class='ocrx_word' id='word_1_15' title='bbox 211 397 250 438; x_wconf 90' lang='lat' dir='ltr'>si</span> <span class='ocrx_word' id='word_1_16' title='bbox 267 397 383 439; x_wconf 76' lang='lat' dir='ltr'>forte</span> <span class='ocrx_word' id='word_1_17' title='bbox 400 397 445 439; x_wconf 92' lang='lat' dir='ltr'>in</span> <span class='ocrx_word' id='word_1_18' title='bbox 462 410 543 439; x_wconf 93' lang='lat' dir='ltr'>nos</span> <span class='ocrx_word' id='word_1_19' title='bbox 560 397 786 451; x_wconf 79' lang='lat' dir='ltr'>insurgere</span> <span class='ocrx_word' id='word_1_20' title='bbox 804 396 986 444; x_wconf 89' lang='lat' dir='ltr'>vellent,</span> <span class='ocrx_word' id='word_1_21' title='bbox 1005 396 1128 438; x_wconf 89' lang='lat' dir='ltr'>dorni</span> <span class='ocrx_word' id='word_1_22' title='bbox 1145 395 1339 438; x_wconf 90' lang='lat' dir='ltr'>retineat</span> <span class='ocrx_word' id='word_1_23' title='bbox 1356 399 1400 436; x_wconf 92' lang='lat' dir='ltr'>et</span> <span class='ocrx_word' id='word_1_24' title='bbox 1419 398 1691 450; x_wconf 90' lang='lat' dir='ltr'>compescat,</span> <span class='ocrx_word' id='word_1_25' title='bbox 1710 394 1912 448; x_wconf 87' lang='lat' dir='ltr'>aliosque</span> 
     </span>
     <span class='ocr_line' id='line_1_4' title="bbox 213 465 1912 521; baseline -0.002 -12"><span class='ocrx_word' id='word_1_26' title='bbox 213 468 398 510; x_wconf 80' lang='lat' dir='ltr'>rebelles</span> <span class='ocrx_word' id='word_1_27' title='bbox 436 467 494 509; x_wconf 92' lang='lat' dir='ltr'>ad</span> <span class='ocrx_word' id='word_1_28' title='bbox 532 466 838 509; x_wconf 82' lang='lat' dir='ltr'>obedientiam</span> <span class='ocrx_word' id='word_1_29' title='bbox 877 472 1079 508; x_wconf 89' lang='lat' dir='ltr'>nostram</span> <span class='ocrx_word' id='word_1_30' title='bbox 1118 466 1307 521; x_wconf 83' lang='lat' dir='ltr'>redigat,</span> <span class='ocrx_word' id='word_1_31' title='bbox 1347 466 1489 508; x_wconf 92' lang='lat' dir='ltr'>donec</span> <span class='ocrx_word' id='word_1_32' title='bbox 1527 466 1661 507; x_wconf 91' lang='lat' dir='ltr'>rebus</span> <span class='ocrx_word' id='word_1_33' title='bbox 1698 465 1912 520; x_wconf 87' lang='lat' dir='ltr'>utrinque</span> 
     </span>
     <span class='ocr_line' id='line_1_5' title="bbox 213 535 1911 593; baseline -0.002 -13"><span class='ocrx_word' id='word_1_34' title='bbox 213 538 401 580; x_wconf 79' lang='lat' dir='ltr'>feliciter</span> <span class='ocrx_word' id='word_1_35' title='bbox 427 538 564 593; x_wconf 85' lang='lat' dir='ltr'>gestis</span> <span class='ocrx_word' id='word_1_36' title='bbox 591 542 797 579; x_wconf 91' lang='lat' dir='ltr'>nostrum</span> <span class='ocrx_word' id='word_1_37' title='bbox 826 538 1075 579; x_wconf 87' lang='lat' dir='ltr'>exercitum</span> <span class='ocrx_word' id='word_1_38' title='bbox 1102 551 1184 579; x_wconf 91' lang='lat' dir='ltr'>suo</span> <span class='ocrx_word' id='word_1_39' title='bbox 1212 537 1454 592; x_wconf 82' lang='lat' dir='ltr'>adiungere</span> <span class='ocrx_word' id='word_1_40' title='bbox 1478 541 1676 593; x_wconf 80' lang='lat' dir='ltr'>gratoque</span> <span class='ocrx_word' id='word_1_41' title='bbox 1703 535 1911 592; x_wconf 82' lang='lat' dir='ltr'>colloquio</span> 
     </span>
    </p>

    <p class='ocr_par' dir='ltr' id='par_1_3' title="bbox 181 607 1912 877">
     <span class='ocr_line' id='line_1_6' title="bbox 181 607 1912 664; baseline -0.002 -14"><span class='ocrx_word' id='word_1_42' title='bbox 181 626 198 651; x_wconf 76' lang='lat'>5</span> <span class='ocrx_word' id='word_1_43' title='bbox 214 609 301 651; x_wconf 82' lang='lat' dir='ltr'>frui</span> <span class='ocrx_word' id='word_1_44' title='bbox 322 609 559 664; x_wconf 90' lang='lat' dir='ltr'>possimus.</span> <span class='ocrx_word' id='word_1_45' title='bbox 585 609 703 650; x_wconf 91' lang='lat' dir='ltr'>Nam</span> <span class='ocrx_word' id='word_1_46' title='bbox 727 609 895 650; x_wconf 88' lang='lat' dir='ltr'>nemini</span> <span class='ocrx_word' id='word_1_47' title='bbox 918 608 1108 650; x_wconf 87' lang='lat' dir='ltr'>dubium</span> <span class='ocrx_word' id='word_1_48' title='bbox 1132 612 1198 650; x_wconf 91' lang='lat' dir='ltr'>est</span> <span class='ocrx_word' id='word_1_49' title='bbox 1223 608 1435 650; x_wconf 90' lang='lat' dir='ltr'>comitem</span> <span class='ocrx_word' id='word_1_50' title='bbox 1455 607 1795 662; x_wconf 84' lang='lat' dir='ltr'>Scepusiensem</span> <span class='ocrx_word' id='word_1_51' title='bbox 1818 620 1912 647; x_wconf 92' lang='lat' dir='ltr'>om-</span> 
     </span>
     <span class='ocr_line' id='line_1_7' title="bbox 213 677 1909 734; baseline -0.002 -13"><span class='ocrx_word' id='word_1_52' title='bbox 213 693 316 721; x_wconf 90' lang='lat' dir='ltr'>nem</span> <span class='ocrx_word' id='word_1_53' title='bbox 342 693 472 721; x_wconf 88' lang='lat' dir='ltr'>suam</span> <span class='ocrx_word' id='word_1_54' title='bbox 497 693 623 734; x_wconf 88' lang='lat' dir='ltr'>spem</span> <span class='ocrx_word' id='word_1_55' title='bbox 650 684 788 734; x_wconf 86' lang='lat' dir='ltr'>atque</span> <span class='ocrx_word' id='word_1_56' title='bbox 815 679 1027 721; x_wconf 89' lang='lat' dir='ltr'>fiduciam</span> <span class='ocrx_word' id='word_1_57' title='bbox 1054 679 1098 720; x_wconf 90' lang='lat' dir='ltr'>in</span> <span class='ocrx_word' id='word_1_58' title='bbox 1123 679 1306 727; x_wconf 91' lang='lat' dir='ltr'>Turcos,</span> <span class='ocrx_word' id='word_1_59' title='bbox 1333 678 1761 727; x_wconf 86' lang='lat' dir='ltr'>Transilvanienses,</span> <span class='ocrx_word' id='word_1_60' title='bbox 1786 677 1909 719; x_wconf 85' lang='lat' dir='ltr'>Sicu-</span> 
     </span>
     <span class='ocr_line' id='line_1_8' title="bbox 213 747 1911 804; baseline -0.002 -12"><span class='ocrx_word' id='word_1_61' title='bbox 213 750 278 792; x_wconf 91' lang='lat' dir='ltr'>los</span> <span class='ocrx_word' id='word_1_62' title='bbox 315 755 359 792; x_wconf 92' lang='lat' dir='ltr'>et</span> <span class='ocrx_word' id='word_1_63' title='bbox 396 750 620 793; x_wconf 88' lang='lat' dir='ltr'>Valachos</span> <span class='ocrx_word' id='word_1_64' title='bbox 656 750 910 799; x_wconf 80' lang='lat' dir='ltr'>collocasse,</span> <span class='ocrx_word' id='word_1_65' title='bbox 949 763 1142 804; x_wconf 89' lang='lat' dir='ltr'>quorum</span> <span class='ocrx_word' id='word_1_66' title='bbox 1179 763 1316 804; x_wconf 90' lang='lat' dir='ltr'>opera</span> <span class='ocrx_word' id='word_1_67' title='bbox 1351 754 1396 791; x_wconf 95' lang='lat' dir='ltr'>et</span> <span class='ocrx_word' id='word_1_68' title='bbox 1434 749 1602 790; x_wconf 75' lang='lat' dir='ltr'>auxilio</span> <span class='ocrx_word' id='word_1_69' title='bbox 1638 762 1720 790; x_wconf 91' lang='lat' dir='ltr'>nos</span> <span class='ocrx_word' id='word_1_70' title='bbox 1762 762 1789 790; x_wconf 91' lang='lat' dir='ltr'>a</span> <span class='ocrx_word' id='word_1_71' title='bbox 1836 747 1911 803; x_wconf 91' lang='lat' dir='ltr'>pio</span> 
     </span>
     <span class='ocr_line' id='line_1_9' title="bbox 212 821 1334 877; baseline -0.001 -15"><span class='ocrx_word' id='word_1_72' title='bbox 212 821 423 876; x_wconf 87' lang='lat' dir='ltr'>iustoque</span> <span class='ocrx_word' id='word_1_73' title='bbox 451 821 685 877; x_wconf 90' lang='lat' dir='ltr'>proposito</span> <span class='ocrx_word' id='word_1_74' title='bbox 713 826 869 862; x_wconf 90' lang='lat' dir='ltr'>nostro</span> <span class='ocrx_word' id='word_1_75' title='bbox 899 825 1102 862; x_wconf 87' lang='lat' dir='ltr'>avertere</span> <span class='ocrx_word' id='word_1_76' title='bbox 1131 825 1334 862; x_wconf 93' lang='lat' dir='ltr'>conatur.</span> 
     </span>
    </p>
   </div>
   <div class='ocr_carea' id='block_1_3' title="bbox 278 927 1844 975">
    <p class='ocr_par' dir='ltr' id='par_1_4' title="bbox 278 927 1844 975">
     <span class='ocr_line' id='line_1_10' title="bbox 278 927 1844 975; baseline -0.002 -12"><span class='ocrx_word' id='word_1_77' title='bbox 278 930 529 975; x_wconf 73' lang='lat' dir='ltr'>(Conceptus</span> <span class='ocrx_word' id='word_1_78' title='bbox 545 928 832 967; x_wconf 74' lang='lat' dir='ltr'>Staatsarchiv,</span> <span class='ocrx_word' id='word_1_79' title='bbox 850 929 975 962; x_wconf 88' lang='lat' dir='ltr'>Wien.</span> <span class='ocrx_word' id='word_1_80' title='bbox 995 927 1255 962; x_wconf 76' lang='lat' dir='ltr'>«Tortenelmi</span> <span class='ocrx_word' id='word_1_81' title='bbox 1269 927 1364 961; x_wconf 68' lang='lat' dir='ltr'>Tar»)</span> <span class='ocrx_word' id='word_1_82' title='bbox 1384 928 1491 972; x_wconf 82' lang='lat'>1885.</span> <span class='ocrx_word' id='word_1_83' title='bbox 1508 937 1597 973; x_wconf 85' lang='lat' dir='ltr'>pag.</span> <span class='ocrx_word' id='word_1_84' title='bbox 1615 938 1634 971; x_wconf 85' lang='lat'>5</span> <span class='ocrx_word' id='word_1_85' title='bbox 1644 937 1762 971; x_wconf 85' lang='lat'>13-—5</span> <span class='ocrx_word' id='word_1_86' title='bbox 1772 927 1844 970; x_wconf 82' lang='lat'>14.)</span> 
     </span>
    </p>
   </div>
   <div class='ocr_carea' id='block_1_4' title="bbox 159 1104 1126 1159">
    <p class='ocr_par' dir='ltr' id='par_1_5' title="bbox 159 1104 1126 1159">
     <span class='ocr_line' id='line_1_11' title="bbox 159 1104 1126 1159; baseline -0.003 -11"><span class='ocrx_word' id='word_1_87' title='bbox 159 1133 193 1159; x_wconf 67' lang='lat'>10</span> <span class='ocrx_word' id='word_1_88' title='bbox 1029 1104 1126 1145; x_wconf 86' lang='lat'>112.</span> 
     </span>
    </p>
   </div>
   <div class='ocr_carea' id='block_1_5' title="bbox 768 1214 1355 1268">
    <p class='ocr_par' dir='ltr' id='par_1_6' title="bbox 768 1214 1355 1268">
     <span class='ocr_line' id='line_1_12' title="bbox 768 1214 1355 1268; baseline -0.005 -11"><span class='ocrx_word' id='word_1_89' title='bbox 768 1216 911 1265; x_wconf 82' lang='lat' dir='ltr'>Buda,</span> <span class='ocrx_word' id='word_1_90' title='bbox 941 1226 980 1268; x_wconf 83' lang='lat'>5.</span> <span class='ocrx_word' id='word_1_91' title='bbox 1011 1214 1200 1256; x_wconf 76' lang='lat' dir='ltr'>Octobris</span> <span class='ocrx_word' id='word_1_92' title='bbox 1229 1226 1355 1267; x_wconf 78' lang='lat'><strong><em>1527.</em></strong></span> 
     </span>
    </p>
   </div>
   <div class='ocr_carea' id='block_1_6' title="bbox 288 1303 1831 1358">
    <p class='ocr_par' dir='ltr' id='par_1_7' title="bbox 288 1303 1831 1358">
     <span class='ocr_line' id='line_1_13' title="bbox 288 1303 1831 1358; baseline -0.003 -12"><span class='ocrx_word' id='word_1_93' title='bbox 288 1307 581 1346; x_wconf 84' lang='lat' dir='ltr'>Ferdinandus</span> <span class='ocrx_word' id='word_1_94' title='bbox 608 1307 639 1346; x_wconf 91' lang='grc' dir='ltr'>Ι.</span> <span class='ocrx_word' id='word_1_95' title='bbox 668 1320 740 1345; x_wconf 85' lang='lat' dir='ltr'>rex</span> <span class='ocrx_word' id='word_1_96' title='bbox 768 1305 1011 1357; x_wconf 83' lang='lat' dir='ltr'>Hungariae</span> <span class='ocrx_word' id='word_1_97' title='bbox 1039 1306 1163 1343; x_wconf 88' lang='lat' dir='ltr'>Petro</span> <span class='ocrx_word' id='word_1_98' title='bbox 1190 1305 1321 1358; x_wconf 74' lang='lat' dir='ltr'>Rares</span> <span class='ocrx_word' id='word_1_99' title='bbox 1347 1304 1554 1342; x_wconf 81' lang='lat' dir='ltr'>vaivodae</span> <span class='ocrx_word' id='word_1_100' title='bbox 1581 1303 1831 1342; x_wconf 81' lang='lat' dir='ltr'>Moldaviae.</span> 
     </span>
    </p>
   </div>
   <div class='ocr_carea' id='block_1_7' title="bbox 159 1413 1912 1604">
    <p class='ocr_par' dir='ltr' id='par_1_8' title="bbox 159 1413 1912 1604">
     <span class='ocr_line' id='line_1_14' title="bbox 356 1413 1910 1474; baseline -0.003 -14"><span class='ocrx_word' id='word_1_101' title='bbox 356 1419 603 1474; x_wconf 73' lang='lat' dir='ltr'>Descriptio</span> <span class='ocrx_word' id='word_1_102' title='bbox 646 1419 782 1460; x_wconf 76' lang='lat' dir='ltr'>cladis</span> <span class='ocrx_word' id='word_1_103' title='bbox 826 1419 1033 1460; x_wconf 77' lang='lat' dir='ltr'>exercitus</span> <span class='ocrx_word' id='word_1_104' title='bbox 1075 1417 1269 1471; x_wconf 77' lang='lat' dir='ltr'>Ioannis</span> <span class='ocrx_word' id='word_1_105' title='bbox 1313 1416 1548 1472; x_wconf 74' lang='lat' dir='ltr'>Szapolyai</span> <span class='ocrx_word' id='word_1_106' title='bbox 1591 1415 1711 1471; x_wconf 76' lang='lat' dir='ltr'>apud</span> <span class='ocrx_word' id='word_1_107' title='bbox 1755 1413 1910 1468; x_wconf 80' lang='lat' dir='ltr'>Tokaj,</span> 
     </span>
     <span class='ocr_line' id='line_1_15' title="bbox 210 1485 1912 1546; baseline -0.003 -14"><span class='ocrx_word' id='word_1_108' title='bbox 210 1491 286 1546; x_wconf 80' lang='lat' dir='ltr'>qui</span> <span class='ocrx_word' id='word_1_109' title='bbox 328 1491 424 1546; x_wconf 74' lang='lat' dir='ltr'>ipse</span> <span class='ocrx_word' id='word_1_110' title='bbox 467 1490 691 1545; x_wconf 73' lang='lat' dir='ltr'>profugus,</span> <span class='ocrx_word' id='word_1_111' title='bbox 736 1489 1071 1545; x_wconf 73' lang='lat' dir='ltr'>Clzristoplzorus</span> <span class='ocrx_word' id='word_1_112' title='bbox 1118 1489 1379 1543; x_wconf 75' lang='lat' dir='ltr'>Frangepan</span> <span class='ocrx_word' id='word_1_113' title='bbox 1423 1501 1516 1529; x_wconf 79' lang='lat' dir='ltr'>vero</span> <span class='ocrx_word' id='word_1_114' title='bbox 1560 1490 1693 1542; x_wconf 73' lang='lat' dir='ltr'>prope</span> <span class='ocrx_word' id='word_1_115' title='bbox 1741 1485 1912 1528; x_wconf 71' lang='lat' dir='ltr'>Varasd</span> 
     </span>
     <span class='ocr_line' id='line_1_16' title="bbox 159 1566 488 1604; baseline -0.003 0"><span class='ocrx_word' id='word_1_116' title='bbox 159 1571 193 1597; x_wconf 81' lang='lat'>15</span> <span class='ocrx_word' id='word_1_117' title='bbox 211 1567 386 1604; x_wconf 76' lang='lat' dir='ltr'>necatus</span> <span class='ocrx_word' id='word_1_118' title='bbox 416 1566 488 1603; x_wconf 78' lang='lat' dir='ltr'>est.</span> 
     </span>
    </p>
   </div>
   <div class='ocr_carea' id='block_1_8' title="bbox 158 1678 1917 2998">
    <p class='ocr_par' dir='ltr' id='par_1_9' title="bbox 356 1678 1338 1737">
     <span class='ocr_line' id='line_1_17' title="bbox 356 1678 1338 1737; baseline -0.003 -15"><span class='ocrx_word' id='word_1_119' title='bbox 356 1680 626 1737; x_wconf 79' lang='lat' dir='ltr'>Spectabilis</span> <span class='ocrx_word' id='word_1_120' title='bbox 653 1684 698 1722; x_wconf 91' lang='lat' dir='ltr'>et</span> <span class='ocrx_word' id='word_1_121' title='bbox 728 1679 964 1734; x_wconf 81' lang='lat' dir='ltr'>Magnifice</span> <span class='ocrx_word' id='word_1_122' title='bbox 990 1678 1135 1720; x_wconf 90' lang='lat' dir='ltr'>fidelis</span> <span class='ocrx_word' id='word_1_123' title='bbox 1162 1678 1338 1720; x_wconf 93' lang='lat' dir='ltr'>dilecte.</span> 
     </span>
    </p>

    <p class='ocr_par' dir='ltr' id='par_1_10' title="bbox 214 1747 1914 1950">
     <span class='ocr_line' id='line_1_18' title="bbox 357 1747 1913 1807; baseline -0.004 -14"><span class='ocrx_word' id='word_1_124' title='bbox 357 1752 671 1807; x_wconf 84' lang='lat' dir='ltr'>Significamus</span> <span class='ocrx_word' id='word_1_125' title='bbox 704 1751 833 1793; x_wconf 85' lang='lat' dir='ltr'>vobis</span> <span class='ocrx_word' id='word_1_126' title='bbox 863 1751 1122 1805; x_wconf 85' lang='lat' dir='ltr'>Johannem</span> <span class='ocrx_word' id='word_1_127' title='bbox 1156 1749 1368 1791; x_wconf 92' lang='lat' dir='ltr'>comitem</span> <span class='ocrx_word' id='word_1_128' title='bbox 1398 1747 1738 1803; x_wconf 84' lang='lat' dir='ltr'>Scepusiensem</span> <span class='ocrx_word' id='word_1_129' title='bbox 1771 1759 1913 1802; x_wconf 91' lang='lat' dir='ltr'>quon-</span> 
     </span>
     <span class='ocr_line' id='line_1_19' title="bbox 214 1817 1913 1877; baseline -0.004 -12"><span class='ocrx_word' id='word_1_130' title='bbox 214 1824 321 1865; x_wconf 87' lang='lat' dir='ltr'>dam</span> <span class='ocrx_word' id='word_1_131' title='bbox 366 1822 622 1864; x_wconf 88' lang='lat' dir='ltr'>waivodam</span> <span class='ocrx_word' id='word_1_132' title='bbox 668 1821 1147 1877; x_wconf 86' lang='lat' dir='ltr'>Transsylvaniensem</span> <span class='ocrx_word' id='word_1_133' title='bbox 1193 1819 1265 1861; x_wconf 90' lang='lat' dir='ltr'>die</span> <span class='ocrx_word' id='word_1_134' title='bbox 1311 1832 1379 1874; x_wconf 90' lang='lat'>27.</span> <span class='ocrx_word' id='word_1_135' title='bbox 1427 1819 1592 1861; x_wconf 90' lang='lat' dir='ltr'>mensis</span> <span class='ocrx_word' id='word_1_136' title='bbox 1635 1817 1913 1874; x_wconf 84' lang='lat' dir='ltr'>Septembris</span> 
     </span>
     <span class='ocr_line' id='line_1_20' title="bbox 214 1887 1914 1950; baseline -0.004 -14"><span class='ocrx_word' id='word_1_137' title='bbox 214 1894 419 1950; x_wconf 87' lang='lat' dir='ltr'>proxime</span> <span class='ocrx_word' id='word_1_138' title='bbox 452 1893 593 1949; x_wconf 91' lang='lat' dir='ltr'>elapsi</span> <span class='ocrx_word' id='word_1_139' title='bbox 625 1893 710 1935; x_wconf 91' lang='lat' dir='ltr'>sub</span> <span class='ocrx_word' id='word_1_140' title='bbox 743 1893 992 1935; x_wconf 87' lang='lat' dir='ltr'>diluculum</span> <span class='ocrx_word' id='word_1_141' title='bbox 1026 1892 1098 1933; x_wconf 88' lang='lat' dir='ltr'>vel</span> <span class='ocrx_word' id='word_1_142' title='bbox 1130 1891 1266 1946; x_wconf 90' lang='lat' dir='ltr'>paulo</span> <span class='ocrx_word' id='word_1_143' title='bbox 1299 1890 1423 1946; x_wconf 90' lang='lat' dir='ltr'>prius</span> <span class='ocrx_word' id='word_1_144' title='bbox 1456 1904 1559 1932; x_wconf 92' lang='lat' dir='ltr'>cum</span> <span class='ocrx_word' id='word_1_145' title='bbox 1592 1889 1757 1931; x_wconf 93' lang='lat' dir='ltr'>nostris</span> <span class='ocrx_word' id='word_1_146' title='bbox 1790 1887 1914 1944; x_wconf 89' lang='lat' dir='ltr'>apud</span> 
     </span>
    </p>

    <p class='ocr_par' dir='ltr' id='par_1_11' title="bbox 158 1961 1917 2302">
     <span class='ocr_line' id='line_1_21' title="bbox 158 1961 1917 2020; baseline -0.003 -13"><span class='ocrx_word' id='word_1_147' title='bbox 158 1974 194 2001; x_wconf 86' lang='lat'>20</span> <span class='ocrx_word' id='word_1_148' title='bbox 215 1965 434 2020; x_wconf 89' lang='lat' dir='ltr'>oppidum</span> <span class='ocrx_word' id='word_1_149' title='bbox 460 1964 600 2018; x_wconf 81' lang='lat' dir='ltr'>Tokaj</span> <span class='ocrx_word' id='word_1_150' title='bbox 632 1964 853 2020; x_wconf 91' lang='lat' dir='ltr'>proelium</span> <span class='ocrx_word' id='word_1_151' title='bbox 880 1962 1168 2011; x_wconf 85' lang='lat' dir='ltr'>commisisse,</span> <span class='ocrx_word' id='word_1_152' title='bbox 1196 1961 1242 2003; x_wconf 91' lang='lat' dir='ltr'>in</span> <span class='ocrx_word' id='word_1_153' title='bbox 1267 1975 1358 2016; x_wconf 91' lang='lat' dir='ltr'>quo</span> <span class='ocrx_word' id='word_1_154' title='bbox 1383 1975 1487 2003; x_wconf 90' lang='lat' dir='ltr'>cum</span> <span class='ocrx_word' id='word_1_155' title='bbox 1513 1961 1738 2003; x_wconf 83' lang='lat' dir='ltr'>exercitus</span> <span class='ocrx_word' id='word_1_156' title='bbox 1762 1964 1917 2002; x_wconf 88' lang='lat' dir='ltr'>noster</span> 
     </span>
     <span class='ocr_line' id='line_1_22' title="bbox 215 2030 1915 2088; baseline -0.004 -10"><span class='ocrx_word' id='word_1_157' title='bbox 215 2036 368 2078; x_wconf 89' lang='lat' dir='ltr'>valida</span> <span class='ocrx_word' id='word_1_158' title='bbox 395 2050 534 2078; x_wconf 90' lang='lat' dir='ltr'>manu</span> <span class='ocrx_word' id='word_1_159' title='bbox 561 2035 789 2077; x_wconf 88' lang='lat' dir='ltr'>resisteret</span> <span class='ocrx_word' id='word_1_160' title='bbox 818 2035 944 2083; x_wconf 90' lang='lat' dir='ltr'>adeo,</span> <span class='ocrx_word' id='word_1_161' title='bbox 975 2033 1098 2088; x_wconf 89' lang='lat' dir='ltr'>quod</span> <span class='ocrx_word' id='word_1_162' title='bbox 1125 2033 1277 2074; x_wconf 92' lang='lat' dir='ltr'>hostes</span> <span class='ocrx_word' id='word_1_163' title='bbox 1305 2046 1328 2074; x_wconf 91' lang='lat' dir='ltr'>e</span> <span class='ocrx_word' id='word_1_164' title='bbox 1355 2032 1514 2074; x_wconf 87' lang='lat' dir='ltr'>castris</span> <span class='ocrx_word' id='word_1_165' title='bbox 1542 2031 1587 2073; x_wconf 89' lang='lat' dir='ltr'>in</span> <span class='ocrx_word' id='word_1_166' title='bbox 1614 2032 1770 2086; x_wconf 83' lang='lat' dir='ltr'>fugam</span> <span class='ocrx_word' id='word_1_167' title='bbox 1797 2030 1915 2073; x_wconf 87' lang='lat' dir='ltr'>versi</span> 
     </span>
     <span class='ocr_line' id='line_1_23' title="bbox 215 2101 1916 2162; baseline -0.004 -13"><span class='ocrx_word' id='word_1_168' title='bbox 215 2107 382 2149; x_wconf 81' lang='lat' dir='ltr'>fuerint</span> <span class='ocrx_word' id='word_1_169' title='bbox 407 2106 659 2162; x_wconf 91' lang='lat' dir='ltr'>complures</span> <span class='ocrx_word' id='word_1_170' title='bbox 682 2106 916 2148; x_wconf 84' lang='lat' dir='ltr'>waivodae</span> <span class='ocrx_word' id='word_1_171' title='bbox 940 2104 1119 2153; x_wconf 92' lang='lat' dir='ltr'>milites,</span> <span class='ocrx_word' id='word_1_172' title='bbox 1146 2104 1263 2146; x_wconf 91' lang='lat' dir='ltr'>inter</span> <span class='ocrx_word' id='word_1_173' title='bbox 1285 2117 1399 2158; x_wconf 86' lang='lat' dir='ltr'>quos</span> <span class='ocrx_word' id='word_1_174' title='bbox 1422 2117 1512 2144; x_wconf 91' lang='lat' dir='ltr'>non</span> <span class='ocrx_word' id='word_1_175' title='bbox 1536 2102 1686 2144; x_wconf 92' lang='lat' dir='ltr'>ultimi</span> <span class='ocrx_word' id='word_1_176' title='bbox 1720 2101 1916 2144; x_wconf 90' lang='lat' dir='ltr'>nominis</span> 
     </span>
     <span class='ocr_line' id='line_1_24' title="bbox 214 2173 1915 2232; baseline -0.004 -12"><span class='ocrx_word' id='word_1_177' title='bbox 214 2178 357 2220; x_wconf 85' lang='lat' dir='ltr'>Maria</span> <span class='ocrx_word' id='word_1_178' title='bbox 393 2179 553 2227; x_wconf 89' lang='lat' dir='ltr'>Lucas,</span> <span class='ocrx_word' id='word_1_179' title='bbox 586 2178 767 2232; x_wconf 89' lang='lat' dir='ltr'>duoque</span> <span class='ocrx_word' id='word_1_180' title='bbox 805 2175 1032 2232; x_wconf 88' lang='lat' dir='ltr'>capitanei</span> <span class='ocrx_word' id='word_1_181' title='bbox 1070 2174 1227 2216; x_wconf 89' lang='lat' dir='ltr'>Poloni</span> <span class='ocrx_word' id='word_1_182' title='bbox 1265 2174 1571 2216; x_wconf 85' lang='lat' dir='ltr'>interierunt.1</span> <span class='ocrx_word' id='word_1_183' title='bbox 1610 2174 1722 2216; x_wconf 87' lang='lat' dir='ltr'>Cum</span> <span class='ocrx_word' id='word_1_184' title='bbox 1759 2173 1915 2227; x_wconf 90' lang='lat' dir='ltr'>itaque</span> 
     </span>
     <span class='ocr_line' id='line_1_25' title="bbox 215 2244 1915 2302; baseline -0.004 -11"><span class='ocrx_word' id='word_1_185' title='bbox 215 2249 447 2299; x_wconf 84' lang='lat' dir='ltr'>diesceret,</span> <span class='ocrx_word' id='word_1_186' title='bbox 492 2249 704 2290; x_wconf 87' lang='lat' dir='ltr'>universa</span> <span class='ocrx_word' id='word_1_187' title='bbox 747 2248 954 2302; x_wconf 84' lang='lat' dir='ltr'>equitum</span> <span class='ocrx_word' id='word_1_188' title='bbox 998 2250 1256 2287; x_wconf 90' lang='lat' dir='ltr'>nostrorum</span> <span class='ocrx_word' id='word_1_189' title='bbox 1300 2245 1410 2286; x_wconf 89' lang='lat' dir='ltr'>levis</span> <span class='ocrx_word' id='word_1_190' title='bbox 1454 2248 1713 2286; x_wconf 87' lang='lat' dir='ltr'>armaturae</span> <span class='ocrx_word' id='word_1_191' title='bbox 1756 2244 1915 2286; x_wconf 87' lang='lat' dir='ltr'>cohors</span> 
     </span>
    </p>

    <p class='ocr_par' dir='ltr' id='par_1_12' title="bbox 161 2314 1916 2656">
     <span class='ocr_line' id='line_1_26' title="bbox 161 2314 1915 2375; baseline -0.004 -13"><span class='ocrx_word' id='word_1_192' title='bbox 161 2329 199 2355; x_wconf 77' lang='lat'>25</span> <span class='ocrx_word' id='word_1_193' title='bbox 218 2321 275 2361; x_wconf 90' lang='lat' dir='ltr'>ad</span> <span class='ocrx_word' id='word_1_194' title='bbox 309 2320 664 2375; x_wconf 86' lang='lat' dir='ltr'>speculationem</span> <span class='ocrx_word' id='word_1_195' title='bbox 699 2324 745 2361; x_wconf 94' lang='lat' dir='ltr'>et</span> <span class='ocrx_word' id='word_1_196' title='bbox 778 2317 1003 2374; x_wconf 85' lang='lat' dir='ltr'>praesidia</span> <span class='ocrx_word' id='word_1_197' title='bbox 1026 2316 1251 2358; x_wconf 92' lang='lat' dir='ltr'>montium</span> <span class='ocrx_word' id='word_1_198' title='bbox 1277 2315 1539 2358; x_wconf 89' lang='lat' dir='ltr'>collocanda</span> <span class='ocrx_word' id='word_1_199' title='bbox 1572 2315 1721 2364; x_wconf 75' lang='lat' dir='ltr'>missa,</span> <span class='ocrx_word' id='word_1_200' title='bbox 1749 2314 1915 2369; x_wconf 89' lang='lat' dir='ltr'>quibus</span> 
     </span>
     <span class='ocr_line' id='line_1_27' title="bbox 219 2385 1915 2446; baseline -0.004 -13"><span class='ocrx_word' id='word_1_201' title='bbox 219 2391 370 2446; x_wconf 91' lang='lat' dir='ltr'>plures</span> <span class='ocrx_word' id='word_1_202' title='bbox 405 2404 460 2433; x_wconf 85' lang='lat' dir='ltr'>ex</span> <span class='ocrx_word' id='word_1_203' title='bbox 495 2391 561 2440; x_wconf 92' lang='lat' dir='ltr'>iis,</span> <span class='ocrx_word' id='word_1_204' title='bbox 590 2391 668 2445; x_wconf 86' lang='lat' dir='ltr'>qui</span> <span class='ocrx_word' id='word_1_205' title='bbox 703 2404 729 2431; x_wconf 90' lang='lat' dir='ltr'>a</span> <span class='ocrx_word' id='word_1_206' title='bbox 764 2390 911 2445; x_wconf 87' lang='lat' dir='ltr'>prima</span> <span class='ocrx_word' id='word_1_207' title='bbox 945 2401 1098 2444; x_wconf 81' lang='lat' dir='ltr'>pugna</span> <span class='ocrx_word' id='word_1_208' title='bbox 1133 2387 1407 2441; x_wconf 82' lang='lat' dir='ltr'>aufugerant</span> <span class='ocrx_word' id='word_1_209' title='bbox 1443 2386 1626 2428; x_wconf 88' lang='lat' dir='ltr'>obviam</span> <span class='ocrx_word' id='word_1_210' title='bbox 1662 2385 1773 2428; x_wconf 80' lang='lat' dir='ltr'>facti</span> <span class='ocrx_word' id='word_1_211' title='bbox 1807 2389 1915 2427; x_wconf 92' lang='lat' dir='ltr'>sunt</span> 
     </span>
     <span class='ocr_line' id='line_1_28' title="bbox 219 2457 1916 2517; baseline -0.003 -15"><span class='ocrx_word' id='word_1_212' title='bbox 219 2461 473 2517; x_wconf 87' lang='lat' dir='ltr'>intercepti.</span> <span class='ocrx_word' id='word_1_213' title='bbox 517 2462 617 2517; x_wconf 74' lang='lat' dir='ltr'>Quo</span> <span class='ocrx_word' id='word_1_214' title='bbox 647 2462 769 2503; x_wconf 76' lang='lat' dir='ltr'>facto</span> <span class='ocrx_word' id='word_1_215' title='bbox 805 2459 968 2502; x_wconf 88' lang='lat' dir='ltr'>nobilis</span> <span class='ocrx_word' id='word_1_216' title='bbox 988 2458 1131 2500; x_wconf 87' lang='lat' dir='ltr'>fidelis</span> <span class='ocrx_word' id='word_1_217' title='bbox 1152 2458 1282 2499; x_wconf 89' lang='lat' dir='ltr'>nobis</span> <span class='ocrx_word' id='word_1_218' title='bbox 1303 2457 1495 2499; x_wconf 88' lang='lat' dir='ltr'>dilectus</span> <span class='ocrx_word' id='word_1_219' title='bbox 1524 2457 1738 2498; x_wconf 71' lang='lat' dir='ltr'>Nicolaus</span> <span class='ocrx_word' id='word_1_220' title='bbox 1766 2469 1916 2498; x_wconf 93' lang='lat' dir='ltr'>comes</span> 
     </span>
     <span class='ocr_line' id='line_1_29' title="bbox 219 2528 1914 2587; baseline -0.004 -12"><span class='ocrx_word' id='word_1_221' title='bbox 219 2532 274 2574; x_wconf 90' lang='lat' dir='ltr'>de</span> <span class='ocrx_word' id='word_1_222' title='bbox 318 2533 441 2574; x_wconf 85' lang='lat' dir='ltr'>Salm</span> <span class='ocrx_word' id='word_1_223' title='bbox 488 2532 636 2574; x_wconf 91' lang='lat' dir='ltr'>senior</span> <span class='ocrx_word' id='word_1_224' title='bbox 681 2532 948 2587; x_wconf 87' lang='lat' dir='ltr'>capitaneus</span> <span class='ocrx_word' id='word_1_225' title='bbox 1006 2534 1159 2571; x_wconf 90' lang='lat' dir='ltr'>noster</span> <span class='ocrx_word' id='word_1_226' title='bbox 1216 2528 1436 2583; x_wconf 82' lang='lat' dir='ltr'>generalis</span> <span class='ocrx_word' id='word_1_227' title='bbox 1481 2528 1661 2569; x_wconf 88' lang='lat' dir='ltr'>fidelem</span> <span class='ocrx_word' id='word_1_228' title='bbox 1708 2532 1914 2569; x_wconf 90' lang='lat' dir='ltr'>nostrum</span> 
     </span>
     <span class='ocr_line' id='line_1_30' title="bbox 217 2598 1915 2656; baseline -0.004 -11"><span class='ocrx_word' id='word_1_229' title='bbox 217 2603 407 2645; x_wconf 87' lang='lat' dir='ltr'>Erkium</span> <span class='ocrx_word' id='word_1_230' title='bbox 447 2603 502 2644; x_wconf 89' lang='lat' dir='ltr'>de</span> <span class='ocrx_word' id='word_1_231' title='bbox 543 2603 794 2645; x_wconf 89' lang='lat' dir='ltr'>Reischach</span> <span class='ocrx_word' id='word_1_232' title='bbox 834 2600 1066 2656; x_wconf 86' lang='lat' dir='ltr'>manipulo</span> <span class='ocrx_word' id='word_1_233' title='bbox 1105 2599 1410 2654; x_wconf 80' lang='lat' dir='ltr'>gregariorum</span> <span class='ocrx_word' id='word_1_234' title='bbox 1450 2598 1657 2653; x_wconf 89' lang='lat' dir='ltr'>peditum</span> <span class='ocrx_word' id='word_1_235' title='bbox 1697 2598 1915 2639; x_wconf 91' lang='lat' dir='ltr'>adiuncto</span> 
     </span>
    </p>

    <p class='ocr_par' dir='ltr' id='par_1_13' title="bbox 161 2668 1915 2998">
     <span class='ocr_line' id='line_1_31' title="bbox 161 2668 1914 2726; baseline -0.003 -11"><span class='ocrx_word' id='word_1_236' title='bbox 161 2681 198 2707; x_wconf 84' lang='lat'>3⁰</span> <span class='ocrx_word' id='word_1_237' title='bbox 217 2674 275 2715; x_wconf 91' lang='lat' dir='ltr'>ad</span> <span class='ocrx_word' id='word_1_238' title='bbox 298 2679 448 2716; x_wconf 90' lang='lat' dir='ltr'>castra</span> <span class='ocrx_word' id='word_1_239' title='bbox 469 2674 706 2716; x_wconf 87' lang='lat' dir='ltr'>waivodae</span> <span class='ocrx_word' id='word_1_240' title='bbox 741 2673 878 2721; x_wconf 89' lang='lat' dir='ltr'>misit,</span> <span class='ocrx_word' id='word_1_241' title='bbox 904 2671 983 2726; x_wconf 88' lang='lat' dir='ltr'>qui</span> <span class='ocrx_word' id='word_1_242' title='bbox 1005 2671 1067 2712; x_wconf 92' lang='lat' dir='ltr'>sic</span> <span class='ocrx_word' id='word_1_243' title='bbox 1090 2670 1375 2725; x_wconf 78' lang='lat' dir='ltr'>praecedenS,</span> <span class='ocrx_word' id='word_1_244' title='bbox 1402 2683 1515 2724; x_wconf 88' lang='lat' dir='ltr'>quos</span> <span class='ocrx_word' id='word_1_245' title='bbox 1539 2669 1584 2710; x_wconf 92' lang='lat' dir='ltr'>in</span> <span class='ocrx_word' id='word_1_246' title='bbox 1609 2668 1768 2710; x_wconf 86' lang='lat' dir='ltr'>castris</span> <span class='ocrx_word' id='word_1_247' title='bbox 1790 2681 1914 2723; x_wconf 92' lang='lat' dir='ltr'>repe-</span> 
     </span>
     <span class='ocr_line' id='line_1_32' title="bbox 216 2739 1912 2798; baseline -0.004 -12"><span class='ocrx_word' id='word_1_248' title='bbox 216 2744 273 2786; x_wconf 89' lang='lat' dir='ltr'>rit</span> <span class='ocrx_word' id='word_1_249' title='bbox 318 2745 496 2794; x_wconf 88' lang='lat' dir='ltr'>occidit,</span> <span class='ocrx_word' id='word_1_250' title='bbox 543 2750 743 2786; x_wconf 88' lang='lat' dir='ltr'>caeteros</span> <span class='ocrx_word' id='word_1_251' title='bbox 788 2744 832 2785; x_wconf 90' lang='lat' dir='ltr'>in</span> <span class='ocrx_word' id='word_1_252' title='bbox 876 2743 1177 2798; x_wconf 89' lang='lat' dir='ltr'>profluentem</span> <span class='ocrx_word' id='word_1_253' title='bbox 1221 2740 1412 2782; x_wconf 89' lang='lat' dir='ltr'>Tissiam</span> <span class='ocrx_word' id='word_1_254' title='bbox 1456 2739 1726 2795; x_wconf 86' lang='lat' dir='ltr'>praecipites</span> <span class='ocrx_word' id='word_1_255' title='bbox 1770 2739 1912 2781; x_wconf 89' lang='lat' dir='ltr'>dedit.</span> 
     </span>
     <span class='ocr_line' id='line_1_33' title="bbox 218 2810 1912 2868; baseline -0.003 -13"><span class='ocrx_word' id='word_1_256' title='bbox 218 2815 390 2857; x_wconf 89' lang='lat' dir='ltr'>Deinde</span> <span class='ocrx_word' id='word_1_257' title='bbox 438 2820 639 2857; x_wconf 86' lang='lat' dir='ltr'>castrum</span> <span class='ocrx_word' id='word_1_258' title='bbox 687 2816 827 2868; x_wconf 77' lang='lat' dir='ltr'>Tokaj</span> <span class='ocrx_word' id='word_1_259' title='bbox 881 2827 966 2867; x_wconf 81' lang='lat' dir='ltr'>4oo</span> <span class='ocrx_word' id='word_1_260' title='bbox 1014 2812 1245 2868; x_wconf 87' lang='lat' dir='ltr'>peditibus</span> <span class='ocrx_word' id='word_1_261' title='bbox 1292 2810 1623 2852; x_wconf 86' lang='lat' dir='ltr'>munitionibus</span> <span class='ocrx_word' id='word_1_262' title='bbox 1670 2810 1912 2858; x_wconf 88' lang='lat' dir='ltr'>artellaria,</span> 
     </span>
     <span class='ocr_line' id='line_1_34' title="bbox 216 2880 1913 2940; baseline -0.003 -14"><span class='ocrx_word' id='word_1_263' title='bbox 216 2885 404 2940; x_wconf 89' lang='lat' dir='ltr'>aliisque</span> <span class='ocrx_word' id='word_1_264' title='bbox 434 2887 569 2928; x_wconf 85' lang='lat' dir='ltr'>rebus</span> <span class='ocrx_word' id='word_1_265' title='bbox 600 2885 860 2928; x_wconf 87' lang='lat' dir='ltr'>necessariis</span> <span class='ocrx_word' id='word_1_266' title='bbox 892 2884 1124 2940; x_wconf 84' lang='lat' dir='ltr'>provisum</span> <span class='ocrx_word' id='word_1_267' title='bbox 1157 2882 1285 2924; x_wconf 86' lang='lat' dir='ltr'>reddi</span> <span class='ocrx_word' id='word_1_268' title='bbox 1315 2881 1463 2936; x_wconf 88' lang='lat' dir='ltr'>petiit,</span> <span class='ocrx_word' id='word_1_269' title='bbox 1497 2881 1576 2936; x_wconf 89' lang='lat' dir='ltr'>qui</span> <span class='ocrx_word' id='word_1_270' title='bbox 1607 2885 1759 2935; x_wconf 89' lang='lat' dir='ltr'>spreta</span> <span class='ocrx_word' id='word_1_271' title='bbox 1791 2880 1913 2922; x_wconf 89' lang='lat' dir='ltr'>dedi-</span> 
     </span>
     <span class='ocr_line' id='line_1_35' title="bbox 216 2951 1915 2998; baseline -0.002 -2"><span class='ocrx_word' id='word_1_272' title='bbox 216 2955 338 2997; x_wconf 91' lang='lat' dir='ltr'>tione</span> <span class='ocrx_word' id='word_1_273' title='bbox 378 2970 425 2998; x_wconf 90' lang='lat' dir='ltr'>se</span> <span class='ocrx_word' id='word_1_274' title='bbox 466 2957 632 2998; x_wconf 87' lang='lat' dir='ltr'>crebris</span> <span class='ocrx_word' id='word_1_275' title='bbox 672 2960 1006 2998; x_wconf 89' lang='lat' dir='ltr'>tormentorum</span> <span class='ocrx_word' id='word_1_276' title='bbox 1048 2954 1213 2995; x_wconf 88' lang='lat' dir='ltr'>ictibus</span> <span class='ocrx_word' id='word_1_277' title='bbox 1255 2956 1414 2994; x_wconf 90' lang='lat' dir='ltr'>contra</span> <span class='ocrx_word' id='word_1_278' title='bbox 1454 2956 1633 2993; x_wconf 91' lang='lat' dir='ltr'>nostros</span> <span class='ocrx_word' id='word_1_279' title='bbox 1674 2951 1915 2993; x_wconf 77' lang='lat' dir='ltr'>defendere</span> 
     </span>
    </p>
   </div>
   <div class='ocr_carea' id='block_1_9' title="bbox 159 3115 1910 3214">
    <p class='ocr_par' dir='ltr' id='par_1_14' title="bbox 159 3115 1910 3214">
     <span class='ocr_line' id='line_1_36' title="bbox 159 3115 1910 3162; baseline -0.004 -6"><span class='ocrx_word' id='word_1_280' title='bbox 159 3115 198 3140; x_wconf 71' lang='grc'>35</span> <span class='ocrx_word' id='word_1_281' title='bbox 351 3122 364 3142; x_wconf 81' lang='lat'>¹</span> <span class='ocrx_word' id='word_1_282' title='bbox 401 3122 678 3156; x_wconf 86' lang='lat' dir='ltr'>Cancellatus:</span> <span class='ocrx_word' id='word_1_283' title='bbox 720 3121 954 3155; x_wconf 82' lang='lat' dir='ltr'>Franciscus</span> <span class='ocrx_word' id='word_1_284' title='bbox 990 3125 1127 3154; x_wconf 81' lang='lat' dir='ltr'>autem</span> <span class='ocrx_word' id='word_1_285' title='bbox 1176 3119 1288 3152; x_wconf 83' lang='lat' dir='ltr'>Bodo</span> <span class='ocrx_word' id='word_1_286' title='bbox 1337 3118 1449 3162; x_wconf 81' lang='lat' dir='ltr'>gravi</span> <span class='ocrx_word' id='word_1_287' title='bbox 1498 3117 1660 3151; x_wconf 85' lang='lat' dir='ltr'>vulnere</span> <span class='ocrx_word' id='word_1_288' title='bbox 1696 3116 1880 3150; x_wconf 89' lang='lat' dir='ltr'>laesus..</span> <span class='ocrx_word' id='word_1_289' title='bbox 1902 3144 1910 3150; x_wconf 92' lang='lat'><strong>.</strong></span> 
     </span>
     <span class='ocr_line' id='line_1_37' title="bbox 213 3179 519 3214; baseline 0.01 -3"><span class='ocrx_word' id='word_1_290' title='bbox 213 3179 289 3213; x_wconf 87' lang='lat' dir='ltr'>illic</span> <span class='ocrx_word' id='word_1_291' title='bbox 318 3180 519 3214; x_wconf 75' lang='lat' dir='ltr'>remansit.</span> 
     </span>
    </p>
   </div>
  </div>
 </body>
</html>
