2209 3643
129 982 157 1004 1.

183 973 266 1003 Auo.

310 208 381 233 110
1070 196 1145 231 No.
1168 196 1213 241 85
1749 190 1876 244 [Wien
1899 207 1992 241 1515

304 332 419 376 sent,
446 341 497 368 ac
522 326 723 368 tunicam
749 324 888 379 ipsius
913 324 958 364 in
983 323 1115 365 dorso
1140 338 1219 378 per
1243 323 1577 365 vehementiam
1605 323 1721 365 ictus
1744 324 1994 378 gladiorum

303 412 355 439 ac
400 398 671 438 framearum
722 394 1013 436 dilaniassent
1042 398 1085 435 et
1116 394 1482 449 perscindissent,
1528 393 1606 435 ubi
1650 398 1694 435 et
1739 395 1995 449 praefatum

303 481 482 523 quoque
518 465 769 508 Osvaldum
806 465 861 507 de
893 464 997 520 Syle
1032 464 1308 519 gravissimis
1343 464 1604 506 verberibus
1639 465 1909 514 affecissent,
1949 471 1994 508 et

302 539 362 580 eis
384 537 564 579 eosdem
586 541 789 578 vestrum
811 540 856 577 et
879 540 1085 577 nostrum
1107 535 1312 577 homines
1334 535 1394 577 ad
1414 536 1727 577 executionem
1749 536 1994 590 praeinser-

302 613 452 650 tarum
466 608 722 649 litterarum
740 611 995 648 vestrarum
1010 606 1443 648 adiudicatoriarum
1468 606 1607 648 etiam
1632 606 1730 648 vice
1754 607 1993 648 tertiarum
2032 623 2048 648 5

300 693 389 720 non
423 678 762 733 permisissent;
799 677 890 725 sed,
928 681 979 718 ut
1014 677 1337 732 praemittitur,
1359 677 1417 718 ab
1436 677 1695 718 huiusmodi
1729 677 1993 719 executione

300 750 519 791 Violenter
553 753 598 790 et
636 748 929 803 ignominiose
964 748 1248 802 repulissent,
1287 753 1331 789 et
1368 752 1555 789 eatenus
1592 748 1727 789 iidem
1764 753 1914 790 vester
1948 753 1993 790 et

299 825 451 862 noster
477 819 682 861 homines
710 819 879 860 frustra
905 818 1048 860 redire
1063 819 1208 860 coacti
1222 819 1516 860 exstitissent.
1548 818 1683 860 Cuius
1697 818 1880 873 quidem
1901 819 1995 861 vio-

299 892 446 947 lentae
466 904 518 932 ac
538 890 837 945 potentiariae
857 890 1123 944 repulsionis
1142 889 1315 939 seriem,
1337 894 1473 945 prout
1494 889 1623 931 nobis
1644 890 1839 931 relatum
1858 890 1994 932 exsti-

301 962 373 1010 tit,
394 962 453 1003 ad
472 965 659 1003 octavas
678 961 782 1002 festi
801 961 924 1002 beati
940 960 1101 1014 Jacobi
1122 960 1315 1016 apostoli
1334 961 1541 1015 proxime
1561 964 1777 1002 venturas
1796 960 1994 1015 legitime
2010 974 2044 1002 10

299 1032 608 1088 perdurandas
636 1046 728 1073 una
757 1046 859 1073 cum
880 1031 1169 1086 praescriptis
1193 1031 1356 1073 litteris
1376 1031 1577 1073 eiusdem
1606 1032 1793 1073 Vestrae
1823 1032 1993 1086 Magni-

296 1103 503 1145 ficentiae
521 1102 860 1144 adiudicatoriis
877 1102 1027 1158 capite
1042 1102 1174 1157 sigilli
1191 1102 1334 1144 nostri
1351 1102 1625 1157 consignatis
1642 1102 1787 1144 eidem
1805 1102 1992 1144 Vestrae

295 1174 660 1229 Magnificentiae
699 1174 914 1215 duximus
951 1173 1300 1215 rescribendam.

435 1245 609 1286 Datum
659 1244 796 1286 tertio
834 1244 922 1286 diei
960 1244 1227 1299 repulsionis
1272 1248 1583 1299 praenotatae.
1627 1244 1761 1285 Anno
1806 1244 1991 1285 Domini

294 1316 529 1357 Millesimo
555 1315 918 1370 quingentesimo
945 1315 1119 1357 decimo
1152 1315 1326 1370 quinto.
2008 1328 2045 1355 15

436 1406 616 1445 Titulus:
727 1405 815 1459 [pro
852 1404 1046 1458 Bogd]an
1084 1406 1284 1457 vayvoda
1321 1405 1606 1444 Moldaviense
1644 1418 1768 1457 super
1805 1406 1991 1457 quadam

292 1466 563 1517 introscripta
583 1465 674 1504 vice
695 1465 909 1504 tertiariae
930 1465 1221 1504 restatutionis
1242 1470 1319 1504 etc.
1344 1465 1578 1516 repulsione
1599 1465 1890 1504 restatutionis
1910 1469 1988 1505 etc.

293 1530 334 1564 et
361 1524 609 1577 repulsionis
634 1524 795 1563 relatio.

437 1610 661 1655 (Originale‚
682 1610 902 1644 Archjvum
917 1610 1112 1644 comitum
1126 1609 1271 1650 Teleki,
1289 1609 1644 1655 Marosvasarhely.
1669 1609 1807 1644 Edidit
1823 1620 1829 1643 z
1857 1610 1991 1644 Codex

294 1669 574 1715 diplomaticus
601 1670 796 1704 comitum
823 1669 997 1703 familiae
1016 1669 1151 1703 Teleki
1175 1669 1251 1703 vol.
1282 1670 1335 1703 II.
1361 1680 1450 1714 pag.
1478 1669 1705 1713 340—341.)
2005 1684 2041 1710 20

1101 1831 1170 1872 85.

950 1940 1119 1994 [Wiem
1171 1942 1326 1993 1515]

290 2033 405 2071 Felix
443 2032 699 2072 Petanchich
736 2031 1007 2070 cancellarius
1043 2031 1217 2081 Segniae
1253 2030 1481 2070 Wladislao
1515 2030 1569 2069 ΙΙ.
1610 2030 1694 2081 regi
1731 2030 1985 2081 Hungariae.

437 2132 536 2180 Via,
587 2145 694 2187 quae
743 2145 791 2172 ex
834 2130 1071 2172 Pannonia
1118 2134 1194 2185 per
1251 2130 1616 2184 Transylvcmiam
1661 2133 1698 2170 et
1731 2130 1988 2172 Valaclziam

293 2203 410 2244 ducit
442 2217 586 2244 versus
631 2202 864 2243 Thraciam
891 2206 927 2242 et
949 2202 1149 2242 Pontum.
2002 2215 2036 2241 25

435 2309 516 2350 Est
543 2313 589 2350 et
615 2308 807 2350 tertium
832 2308 930 2357 iter,
950 2307 1252 2362 opportunius
1273 2307 1512 2362 minusque
1533 2307 1804 2349 laboriosum
1820 2307 1986 2350 ducens

291 2393 346 2420 ex
378 2380 645 2421 Pannonum
677 2379 843 2420 finibus
874 2378 921 2420 in
953 2378 1197 2419 Thraciam
1229 2382 1274 2419 et
1307 2378 1365 2419 ad
1396 2379 1484 2419 alia
1514 2379 1612 2420 loca
1642 2378 1791 2420 vicina
1823 2379 1981 2421 Ponto.

293 2451 359 2492 Re
385 2464 509 2499 vera,
543 2451 649 2505 quia
680 2454 776 2491 tam
796 2450 915 2504 ipsos
935 2450 1189 2498 PannoneS,
1210 2463 1348 2503 quam
1367 2449 1561 2503 reliquos
1579 2453 1704 2490 trans
1723 2449 1984 2491 Danubium

292 2525 621 2562 commorantes
650 2521 855 2576 populos,
886 2520 997 2561 illud
1027 2519 1213 2561 minime
1243 2520 1370 2568 latet,
1401 2534 1506 2561 cum
1535 2533 1590 2561 ex
1619 2533 1837 2561 concursu
1865 2534 1982 2562 com-

291 2592 540 2633 meantium
568 2592 763 2633 invicem
791 2595 1107 2640 mercatorum,
1140 2594 1240 2632 tum
1268 2591 1326 2632 ob
1354 2590 1623 2632 continuum
1650 2590 1830 2640 bellum,
1860 2591 1982 2645 quod
1998 2604 2032 2630 30

291 2662 406 2703 circa
444 2676 568 2703 oram
608 2663 712 2704 Istri
750 2666 794 2704 et
833 2676 908 2703 eas
945 2661 1158 2716 regiones,
1200 2661 1369 2702 Turcos
1406 2661 1711 2716 propulsando
1749 2665 1971 2711 exercent,

291 2745 435 2785 pauca
476 2733 796 2774 tantummodo
838 2733 897 2774 ad
938 2733 1053 2773 hanc
1096 2732 1218 2773 Viam
1259 2732 1515 2773 necessaria
1556 2731 1800 2786 aggrediar.
1846 2732 1978 2773 Buda

292 2802 445 2856 itaque
471 2803 599 2844 abest
627 2817 653 2844 a
680 2804 719 2844 V
722 2803 906 2845 aradino
934 2803 1115 2844 LXXX
1141 2802 1338 2843 millibus
1369 2816 1587 2856 passuum
1614 2802 1981 2843 interiacentibus

291 2872 594 2914 Cumanorum
609 2874 727 2923 locis,
746 2879 789 2915 et
805 2874 987 2915 flumine
1002 2873 1190 2914 Tibisco.
1205 2873 1323 2914 Hinc
1343 2872 1402 2914 ad
1420 2873 1588 2914 Rhium
1608 2872 1825 2926 oppidum
1840 2886 1979 2927 prope

292 2942 497 2983 Crissiam
540 2957 719 2985 amnem
763 2948 829 2985 est
872 2944 946 2985 Via
976 2944 1107 2985 unius
1138 2943 1240 2991 diei,
1273 2956 1452 2997 semper
1482 2942 1765 2996 campestris.
1812 2943 1881 2984 Ex
1927 2957 1978 2984 eo
1994 2956 2029 2982 3)

293 3016 419 3065 patet
457 3027 657 3055 accessus
693 3028 771 3068 per
803 3014 967 3055 vallem
1003 3014 1182 3068 longam
1213 3013 1257 3054 in
1284 3013 1510 3061 Colusvar,
1564 3012 1657 3053 sive
1694 3012 1971 3054 Themisvar.

297 3081 407 3123 Inde
432 3083 490 3123 ad
511 3083 730 3125 Sibinium
753 3084 851 3138 pari
874 3084 1022 3139 spatio
1047 3084 1229 3133 itineris,
1256 3087 1301 3125 et
1324 3082 1536 3138 perfacili.
1565 3083 1689 3124 Haec
1714 3083 1875 3124 civitas
1904 3088 1972 3124 est

293 3151 548 3211 principalis
577 3167 632 3194 ex
661 3158 833 3208 septem
863 3154 1032 3203 castris,
1066 3167 1181 3208 quae
1210 3154 1334 3208 regio
1363 3153 1497 3207 Vulgo
1526 3153 1853 3208 Transylvania
1882 3154 1975 3195 sive
