2209 3643
286 192 358 225 208
1044 191 1119 225 No.
1145 194 1215 226 166
1664 189 1737 243 {18.
1759 194 1854 228 Maii
1879 203 1975 238 1530

285 322 430 364 omnis
438 327 594 363 nostra
602 326 647 363 et
656 326 913 363 nostrorum
922 321 1305 376 pernicies.Super
1313 336 1429 376 quae
1444 323 1653 378 dignetur
1667 325 1739 366 Vra
1753 324 1980 367 Serenitas

285 393 415 434 nobis
442 393 580 434 citam
607 396 652 433 et
680 392 947 433 clementem
975 392 1082 433 dare
1108 391 1475 435 informationem
1497 408 1506 444 ;
1535 395 1785 437 humillime
1811 396 1980 451 suppli-

287 476 439 504 camus
473 467 610 516 atque
645 462 944 503 obsecramus.
982 462 1166 504 Auxilio
1200 462 1319 504 enim
1353 464 1399 505 in
1433 469 1638 506 nostram
1673 465 1979 508 defensionem

287 533 381 574 iam
405 533 494 573 iam
517 546 609 573 non
631 532 842 574 veniente
866 546 973 587 prae
996 533 1156 574 oculis3
1171 538 1239 575 est
1254 539 1411 576 nostra
1433 540 1478 576 et
1495 535 1698 577 omnium
1720 541 1979 578 nostrorum

286 603 503 657 pernicies
527 616 578 643 ac
601 602 849 652 internitio,
867 603 981 645 adeo
1003 617 1160 645 sumus
1182 605 1391 647 hostibus
1414 605 1622 660 impares.
1650 607 1837 649 Caetera
1859 607 1979 649 dicet
2017 624 2036 649 5

288 674 359 715 hic
379 673 686 728 praesentium
706 678 911 715 ostensor
939 674 1304 729 Christophorus,
1326 676 1452 717 cuius
1483 676 1617 718 dictis
1654 678 1694 719 V
1696 679 1727 695 ¹³
1752 677 1979 719 Serenitas

287 744 421 785 fidem
451 743 664 785 adhibere
694 743 923 798 dignetur;
941 745 1263 799 supplicamus.
1283 746 1530 788 Conservet
1546 747 1737 789 eandem
1766 748 1982 803 Omnipo-

287 819 386 856 tens
412 814 491 855 diu
516 814 703 856 felicem.

432 884 607 934 Cibinii,
643 885 869 928 dominica
903 887 1109 928 Cantate.
1143 888 1276 929 Anno
1308 888 1493 930 Domini
1526 900 1650 943 1530.

432 955 647 997 Eiusdem
669 956 831 999 Sacrae
855 951 936 999 Mtis
960 958 1050 999 Vrae
1074 958 1227 1000 fideles
1784 1008 1793 1013 ,
2002 977 2037 1003 10

432 1027 636 1080 Magistri
671 1027 854 1077 civium,
890 1028 1059 1070 iudices
1093 1034 1138 1070 et
1173 1029 1309 1070 iurati
1345 1029 1464 1071 cives
1499 1044 1550 1072 ac
1587 1030 1781 1072 seniores
1802 1031 1985 1086 Septem

285 1097 493 1138 Sedium4
521 1097 856 1140 Saxonicalium
889 1104 933 1141 et
968 1099 1170 1141 civitatis
1202 1100 1480 1142 Coronensis.

428 1201 663 1240 Inte'tzzlatz'o
682 1214 694 1240 .·
726 1201 848 1240 Sermo
880 1202 1060 1253 principi
1091 1207 1133 1240 et
1166 1203 1350 1248 domino,
1397 1203 1568 1242 domino
1606 1204 1875 1244 Ferdinando
1907 1204 1985 1243 Dei

288 1261 424 1312 gratia
447 1261 703 1312 Hungariae,
728 1261 956 1300 Bohemiae
978 1266 1056 1300 etc.
1081 1262 1179 1313 regi,
1202 1262 1357 1301 infanti
1381 1262 1684 1315 Hispaniarum
1706 1268 1784 1302 etc.
1801 1263 1986 1302 Domino

290 1325 434 1358 nostro
461 1321 646 1359 naturali
673 1326 714 1359 et
741 1321 1056 1371 gratiosissimo.
2005 1343 2040 1369 15

431 1418 658 1463 (Originale.
684 1420 973 1459 Staatsarchiv,
991 1420 1116 1453 Vlien.
1147 1420 1392 1464 Hungarica.
1409 1421 1572 1455 Edidit:
1595 1421 1745 1455 Archiv
1767 1423 1834 1457 des
1854 1422 1987 1457 Verei-

290 1489 358 1513 nes
386 1479 450 1512 fur
480 1479 825 1524 siebenbi'irgische
855 1480 1150 1514 Landeskunde
1178 1479 1256 1513 vol.
1288 1480 1350 1513 28.
1379 1491 1469 1525 pag.
1499 1481 1731 1526 474—475.)

1096 1643 1194 1684 166.

792 1754 1084 1808 Ναςγεῑεόεη,
1116 1754 1185 1796 18.
1218 1754 1323 1796 Mai
1352 1766 1479 1807 1530.

516 1845 680 1882 Marcus
715 1845 983 1896 Pemffiinger
1017 1845 1285 1883 Perdinando
1319 1845 1351 1883 Ι.
1388 1845 1473 1896 regi
1508 1845 1764 1896 Hungariae.
2006 1864 2042 1889 ου

432 1944 609 1985 Praeter
623 1944 655 1985 C
660 1945 768 1986 sicso‘
790 1949 827 1986 et
851 1946 1127 1987 militine-'vm
1148 1946 1237 1987 iam
1257 1951 1478 2002 possessas
1499 1945 1582 1987 sibi
1603 1950 1681 2001 pro
1708 1946 1828 2000 signo
1854 1944 1990 1997 fideli-

292 2015 392 2056 tatis
421 2015 529 2057 bona
563 2016 819 2057 Valaclmlfa
850 2017 1006 2058 szzu
1034 2017 1090 2058 M
1093 2017 1259 2071 agmelc
1287 2021 1323 2058 et
1350 2017 1535 2071 Gz'urgiu
1562 2016 1718 2058 donari
1745 2020 1872 2071 rogat.

434 2121 722 2164 Serenissime
751 2123 863 2164 Rex.
894 2123 1102 2173 Domine,
1131 2123 1313 2165 domine
1340 2123 1688 2165 clementissime
1725 2128 1769 2165 et
1798 2127 1987 2164 caetera.

439 2193 694 2235 Persuadeo
752 2193 863 2234 mihi
918 2194 1229 2236 Sacratissime
1289 2195 1402 2243 Rex,
1462 2194 1565 2235 Mtem
1623 2195 1724 2235 Vram
1778 2193 1833 2235 de
1890 2206 1991 2234 mea

294 2276 398 2316 erga
416 2263 606 2304 eandem
624 2269 863 2319 perspecta
882 2265 969 2306 fide
988 2269 1032 2306 et
1052 2264 1275 2307 fidelitate
1292 2279 1383 2306 non
1403 2264 1627 2315 dubitare,
1648 2264 1864 2320 quoniam
1882 2263 1991 2318 quid
2007 2277 2043 2302 25

293 2333 536 2383 servierim,
576 2334 685 2389 quid
723 2335 963 2385 amiserim,
1015 2341 1189 2390 quanta
1238 2336 1431 2391 denique
1480 2336 1648 2378 damna
1689 2349 1771 2391 pro
1807 2333 1883 2376 Mte
1918 2335 1990 2376 Vra

295 2417 454 2458 passus
481 2404 580 2454 sim,
622 2406 725 2447 Μἰρῐῃ
764 2407 865 2447 V¹²³¹¹¹
905 2420 996 2448 non
1035 2407 1149 2448 latet
1171 2409 1206 2456 ;1
1235 2407 1487 2449 donaverat
1516 2406 1627 2448 mihi
1665 2406 1879 2448 Maiestas
1917 2405 1991 2446 Vra

295 2487 350 2515 ex
370 2488 451 2516 sua
469 2475 616 2529 gratia
635 2480 836 2518 castrum
857 2478 1041 2533 Chycho
1059 2482 1104 2519 et
1126 2478 1427 2534 Kykellewar‚
1449 2491 1564 2532 quae
1583 2477 1724 2533 ipsius
1741 2475 1990 2532 wayvodae

447 2640 461 2661 ³
487 2652 557 2686 per
583 2642 729 2677 oculos.
864 2644 879 2664 ⁴²
905 2643 1064 2678 Sedum.

447 2700 460 2720 1
489 2700 576 2734 Hoc
603 2704 718 2745 patet
745 2703 867 2737 etiam
896 2714 944 2736 ex
972 2704 1154 2748 expensis
1181 2703 1305 2737 Marci
1337 2702 1591 2746 Pernfflinger
1616 2701 1657 2734 in
1684 2700 1855 2735 servitiis
1888 2700 1990 2745 regis
2005 2712 2042 2738 30

299 2757 545 2792 Ferdinandi
573 2759 676 2794 circa
702 2761 777 2795 hoc
804 2764 964 2806 tempus
992 2762 1135 2796 factis:

442 2817 610 2852 Duobus
625 2819 807 2854 vaivodis
822 2820 1222 2865 Transalpinensibus
1255 2819 1420 2853 diversis
1453 2818 1618 2857 vicibus,
1654 2820 1700 2852 ut
1731 2817 1771 2851 in
1792 2817 1989 2852 fidelitate

298 2874 399 2909 Suae
418 2869 494 2909 MtiS
517 2882 782 2920 perseverent,
809 2879 920 2913 dedit
943 2890 1110 2913 munera
1132 2879 1173 2912 in
1197 2878 1331 2913 valore
1355 2878 1392 2911 fl.
1419 2889 1453 2922 5.
1479 2887 1511 2911 0.
1537 2895 1584 2900 -
1609 2876 1816 2911 Vaivodae
1835 2876 1988 2910 Molda-

302 2933 390 2967 viae
426 2934 606 2968 similiter
642 2946 714 2980 pro
751 2938 1072 2972 remuneratione
1109 2938 1220 2972 dedit
1256 2937 1296 2970 in
1329 2936 1464 2970 valore
1508 2935 1546 2970 fl.
1592 2946 1626 2979 3.
1660 2945 1692 2969 0.
1723 2955 1772 2960 —
1804 2935 1989 2969 Castrum

302 2991 521 3031 Bahvanos,
545 2995 652 3038 quod
672 2995 884 3030 Moldavus
913 3007 1086 3030 unacum
1117 2995 1337 3041 Joannistis
1370 3006 1393 3028 a
1424 2994 1559 3028 Marco
1592 2993 1844 3038 Pemfflinger
1875 3004 1988 3028 occu-
2005 3006 2042 3032 35

301 3054 461 3093 parunt,
483 3051 627 3087 habuit
653 3053 694 3087 in
714 3054 878 3098 pignore
898 3065 970 3099 pro
997 3054 1035 3088 fl.
1067 3057 1100 3089 6.
1132 3065 1183 3088 m.
1216 3065 1248 3087 2.
1280 3064 1311 3087 c.
1343 3063 1402 3086 20.
1434 3073 1482 3077 —
1505 3053 1553 3086 In
1580 3052 1767 3086 conflictu
1793 3052 1989 3086 vaivodae

301 3108 583 3143 Moldaviensis
609 3112 782 3156 demptis
802 3113 1052 3157 argentereis‚
1081 3113 1260 3147 vestibus
1286 3122 1332 3146 ac
1353 3111 1439 3146 aliis
1459 3111 1587 3151 rebus,
1611 3114 1774 3156 paratas
1800 3111 1989 3155 pecunias

303 3166 437 3201 amisit
452 3167 489 3200 fl.
510 3177 525 3200 1
544 3178 596 3202 m.
615 3180 647 3212 3.
666 3180 697 3204 c.
719 3171 881 3213 (Archiv
900 3172 964 3205 fiir
976 3171 1012 3204 S.
1031 3171 1074 3205 L.
1090 3171 1168 3205 vol.
1187 3173 1245 3205 26.
1263 3181 1353 3215 pag.
1378 3170 1606 3214 249—250.)
