2209 3643
123 1339 170 1369 19.
194 1349 203 1358 ⁴

124 1487 171 1514 14.

286 208 358 252 284
1045 204 1119 238 No.
1145 213 1218 248 237
1660 198 1733 252 [20.
1756 202 1855 247 Aug.
1882 202 1980 246 1538

286 337 416 379 nobis
445 335 703 377 temeritate
731 347 813 375 sua
841 333 983 374 hostis
1012 332 1199 374 insultet
1222 346 1228 374 :
1261 336 1306 373 et
1335 331 1570 387 promissa,
1600 332 1637 373 si
1665 345 1783 387 quae
1810 332 1983 381 fecerit,

287 421 406 449 nunc
429 410 585 448 nostro
609 404 889 446 exercituum
913 403 1145 458 praefecto
1168 403 1295 445 firme
1319 407 1363 444 et
1389 403 1606 445 inviolate
1630 402 1838 444 observet
1861 415 1870 452 ;
1897 406 1981 444 010.

433 476 689 524 Cracoviae,
725 487 791 529 19.
824 473 1022 528 Augusti
1055 473 1179 527 1538.
1216 473 1361 529 Regni
1391 475 1535 516 nostri
1567 473 1674 515 anni
1704 485 1773 527 32.

662 576 888 621 (Originale.
916 576 1204 616 Staatsarchiv,
1234 576 1361 610 Wien.
1391 576 1650 621 Hungarica.)

1089 754 1189 796 237.
2021 770 2043 796 f>

836 865 961 913 Vacz,
993 876 1060 906 20.
1095 864 1286 919 Augusti
1315 864 1440 917 1538.

362 955 602 1007 Stephanus
630 954 850 993 Broderics
878 954 1099 1006 episcopus
1126 953 1340 992 Vaciensis
1367 953 1517 992 nuntio
1542 953 1699 1004 Joanni
1727 954 1914 992 Morono.

432 1066 607 1107 Nuntia
629 1065 679 1107 de
703 1065 872 1107 Turcis.
898 1065 1157 1107 Subsidium
1188 1065 1471 1107 vaivodarum
1504 1065 1561 1106 M
1564 1065 1987 1107 oldavo—Valaclzz'ae.

436 1183 831 1226 Reverendissimo
860 1184 1058 1240 Signore.

436 1256 498 1297 Le
527 1269 645 1297 nove
676 1256 757 1297 che
788 1255 830 1297 io
860 1269 995 1310 posso
1025 1255 1217 1298 scrivere
1249 1269 1275 1297 a
1316 1256 1359 1297 la
1399 1255 1603 1310 Signoria
1645 1256 1718 1297 Vra
1749 1255 1838 1297 Rm³
1879 1268 1991 1296 sono
2007 1266 2045 1292 10

226 1339 276 1368 ug·
296 1328 375 1368 che
399 1326 493 1368 heri
517 1327 576 1367 ho
600 1326 804 1381 riceputo
828 1326 978 1369 littere
1002 1327 1060 1368 da
1083 1327 1126 1368 13
1151 1327 1282 1369 Corte
1307 1327 1361 1368 de
1384 1327 1428 1367 13
1451 1326 1625 1368 Maesta
1650 1326 1721 1368 del
1746 1326 1813 1368 Re
1835 1330 1992 1368 nostro

293 1412 373 1453 per
402 1398 441 1439 le
473 1397 606 1452 quale
635 1397 824 1439 intendo
853 1398 896 1439 10
926 1398 1198 1453 imperatore
1228 1398 1406 1439 Turcho
1436 1397 1799 1452 personalmente
1829 1396 1994 1439 dovere

222 1486 275 1515 ug.
296 1470 461 1511 havere
488 1472 673 1523 passato
700 1468 729 1509 il
757 1469 970 1510 Danubio
997 1469 1185 1510 mercori
1211 1473 1397 1524 passato
1424 1469 1504 1510 che
1532 1469 1581 1510 tu
1607 1482 1633 1509 a
1660 1468 1690 1509 11
1719 1480 1772 1522 14
1798 1467 1870 1510 del
1895 1481 1993 1523 pre-

298 1544 424 1582 sente
448 1553 527 1594 per
551 1540 694 1581 intrar
718 1539 763 1580 in
788 1539 1114 1581 Transilvania.
1142 1540 1206 1581 La
1231 1540 1404 1581 Maesta
1430 1539 1502 1581 del
1526 1540 1593 1581 Re
1617 1543 1774 1581 nostro
1797 1539 1843 1580 fa
1867 1542 1992 1580 tutte

297 1612 336 1653 10
366 1610 654 1666 provvisione
675 1624 701 1651 a
721 1611 783 1652 lui
814 1611 1024 1666 possibile
1044 1624 1123 1666 per
1143 1610 1361 1660 resistere,
1393 1611 1555 1665 perche
1585 1610 1643 1652 ho
1674 1610 1796 1652 bona
1824 1609 1987 1651 intelli·
2010 1619 2053 1646 15

294 1681 446 1737 gentia
470 1696 572 1723 cum
596 1681 626 1722 11
649 1682 833 1723 vaivodi
858 1682 902 1723 di
926 1681 1155 1723 Moldavia
1178 1686 1223 1724 et
1247 1681 1477 1731 Valachia,
1503 1681 1533 1722 li
1557 1681 1680 1736 quali
1703 1694 1814 1722 sono
1837 1680 1987 1736 parati

295 1752 440 1808 patire
469 1753 572 1808 ogni
601 1766 704 1794 cosa
732 1753 890 1794 avanti
919 1753 1000 1794 che
1029 1753 1184 1794 cedere
1212 1753 1254 1794 al
1283 1753 1474 1794 Turcho.
1501 1752 1630 1794 Oltra
1659 1752 1714 1794 de
1743 1756 1905 1807 questo
1924 1751 1984 1792 ha

296 1824 576 1866 domandato
599 1823 689 1865 Sua
714 1824 888 1865 Maesta
914 1838 939 1865 a
965 1837 1010 1865 se
1035 1824 1149 1865 tutti
1175 1824 1309 1878 quelli
1335 1823 1405 1865 del
1430 1837 1581 1878 regno,
1608 1822 1824 1865 etiamdio
1849 1822 1985 1877 quelli

295 1909 431 1937 erano
459 1909 485 1936 a
514 1896 557 1936 13
586 1895 845 1937 defensione
875 1895 920 1936 di
950 1895 1097 1944 Euda,
1128 1895 1334 1936 accioche
1363 1908 1465 1936 cum
1495 1895 1538 1935 10
1567 1894 1706 1943 311110,
1737 1893 1767 1934 11
1796 1893 1931 1948 quale
1956 1892 1993 1934 si

296 1970 484 2021 expetta
509 1966 567 2008 da
588 1966 631 2008 13
657 1966 832 2007 Maesta
858 1966 928 2008 del
955 1966 1021 2007 Re
1047 1966 1101 2007 de
1127 1965 1337 2015 Romani,
1363 1965 1399 2007 si
1424 1979 1557 2021 possa
1580 1964 1785 2007 resistere
1809 1978 1836 2005 a
1859 1968 1992 2005 tanto
2010 1974 2049 2000 20

295 2038 479 2092 impeto.

444 2109 586 2162 Prego
612 2108 655 2149 la
678 2108 881 2162 Signoria
906 2108 980 2149 Vra
1009 2108 1096 2149 R¹¹¹a
1134 2108 1170 2149 si
1208 2107 1340 2161 degni
1379 2107 1484 2148 dare
1522 2106 1651 2148 fidele
1676 2105 1877 2160 rec-apito
1902 2119 1929 2146 a
1954 2106 1994 2147 10

299 2192 473 2220 311110Χο
505 2179 673 2220 directe
704 2193 730 2220 a
760 2179 803 2220 13
831 2178 1037 2220 531101113
1069 2178 1139 2220 (101
1171 2178 1339 2220 Nostro
1367 2178 1564 2232 Signore,
1597 2191 1624 2218 a
1654 2177 1684 2218 li
1714 2176 1835 2232 piedi
1865 2176 1920 2218 de
1950 2176 1994 2217 13

297 2250 428 2304 quale
458 2263 632 2304 sempre
663 2249 724 2291 mi
755 2250 896 2291 offero
926 2254 969 2291 et
1001 2249 1292 2291 aricomando
1321 2254 1365 2290 et
1397 2263 1422 2290 3
1463 2249 1506 2290 13
1545 2248 1748 2303 Signoria
1793 2248 1864 2289 Vra
1905 2247 1994 2288 Rm²²

298 2320 463 2369 altresi,
493 2321 536 2361 la
565 2321 696 2375 quale
727 2320 857 2362 Iddio
888 2321 1176 2375 longamente
1205 2320 1420 2362 conservi.
2008 2328 2050 2355 2⁵

442 2391 591 2440 Vacie,
621 2392 692 2433 die
721 2404 787 2433 20.
817 2391 1013 2446 Augusti
1043 2391 1166 2444 1538.

1737 2459 1937 2502 Servitor

1662 2530 1890 2572 Vaciensis
1936 2542 1992 2571 ss.

438 2635 668 2674 Intitulatz'o
687 2648 699 2674 .·
728 2635 1093 2674 Reverendissimo
1119 2635 1302 2681 domino,
1319 2634 1489 2673 domino
1510 2632 1666 2683 Joanni
1691 2633 1865 2671 Morono
1889 2630 1993 2682 epis-

300 2705 404 2744 copo
432 2694 660 2732 Mutinensi
688 2700 728 2733 et
751 2695 906 2734 oratori
924 2694 1186 2734 Sanctissimi
1206 2694 1377 2733 Domini
1406 2693 1561 2733 Nostri.
1592 2691 1775 2730 Domino
1804 2695 1844 2728 et
1873 2690 1993 2728 fratri
2008 2705 2050 2731 30

301 2764 461 2804 semper
501 2755 758 2794 honorando,
803 2755 853 2793 In
900 2755 1015 2794 curia
1052 2755 1203 2794 Sacrae
1231 2753 1386 2804 Regiae
1414 2751 1648 2791 Maiestatis
1688 2751 1991 2789 Romanorum.

475 2850 697 2894 (Originale.
730 2851 918 2884 Archivio
948 2851 987 2885 di
1015 2851 1142 2890 StatO,
1178 2850 1335 2883 Parma.
1367 2849 1486 2883 Carte
1517 2844 1784 2887 Farnesiane.)
