2209 3643
172 171 227 196 12.
264 161 367 195 Nov.
402 154 512 210 1500]
941 159 1015 193 No.
1038 169 1085 203 45
1810 167 1858 201 53

169 295 336 340 tenere,
360 290 476 333 tueri
498 294 542 332 et
566 303 832 332 conservare
854 289 1046 345 propriis
1080 289 1280 345 ipsorum
1308 286 1539 329 laboribus
1561 290 1606 328 et
1641 285 1863 341 expensis.

170 361 271 417 Qui,
305 362 341 403 si
374 362 420 404 id
452 362 599 403 facere
630 361 816 410 nollent,
850 374 939 402 non
967 364 1165 416 possent,
1199 363 1279 402 aut
1312 372 1402 400 non
1430 361 1654 406 curarent,
1684 356 1865 412 quovis-

169 432 320 482 modo,
346 446 401 474 ex
426 437 535 475 tunc
560 431 799 474 memorati
821 431 1079 487 Stephanus
1103 430 1301 473 vaivoda
1325 433 1370 471 et
1395 429 1584 484 Bogdan
1610 428 1726 470 filius
1751 427 1865 469 eius-

170 504 274 545 dem
308 503 585 558 heredesque
629 507 673 544 et
707 503 998 558 posteritates
1025 502 1269 545 eorundem
1297 500 1495 542 universi
1529 499 1676 541 solum
1710 498 1866 553 vigore

137 589 153 615 5
170 575 476 630 praesentium
491 574 721 616 mediante
747 574 792 615 in
818 578 862 616 ct
879 574 937 615 ad
959 574 1208 616 dominium
1234 571 1446 615 totalium
1473 570 1736 626 portionum
1762 582 1864 624 pos-

169 646 539 688 sessionariarum
576 645 820 687 eorundem
858 645 1069 694 Ladislai‚
1108 643 1347 693 Francisci‚
1383 641 1603 697 Stephani
1651 645 1696 683 et
1731 640 1865 695 Sigis-

169 717 342 767 mundi,
373 717 418 758 in
446 716 614 772 oppido
636 716 849 772 Hwnyad
876 720 920 758 et
942 715 1228 772 pertinentiis
1255 714 1455 757 eiusdem
1483 713 1528 754 in
1557 712 1781 754 comitatu
1809 710 1866 752 de

170 788 299 830 Colos
328 788 624 830 existentium
653 787 930 837 habitarum,
961 801 1056 829 sese
1085 784 1504 828 intromittendi...
1547 783 1747 825 habeant
1786 795 1866 837 po-

168 858 349 901 testatis
379 859 673 911 facultatem3
705 863 790 901 etc.

114 944 150 970 10
313 930 487 971 Datum
521 929 631 971 feria
665 933 795 971 sexta
828 929 1035 984 proxima
1069 932 1175 970 ante
1209 927 1483 969 dominicam
1514 924 1695 980 Judica,
1730 925 1865 965 Anno

168 1000 352 1042 Domini
378 1001 613 1042 Millesimo
641 1001 1015 1055 quingentesimo.

313 1108 659 1152 (Transsumptum
686 1107 875 1152 originale
901 1110 1123 1141 conventus
1144 1105 1328 1140 ecclesiae
1348 1105 1396 1138 de
1426 1103 1790 1141 Kolozsmonostor,
1813 1101 1863 1135 de

168 1177 273 1202 anno
299 1177 407 1212 1500.
433 1166 626 1211 Orszagos
648 1166 844 1207 Leve'ltar,
871 1167 1089 1211 Budapest.
1114 1165 1176 1199 DI.
1202 1164 1354 1208 36869.)

969 1318 1038 1359 45.

113 1455 149 1481 15
597 1428 846 1477 Κοίοῑευάν,
891 1439 959 1468 12.
1004 1426 1259 1468 Novembris
1302 1437 1426 1478 1500.

169 1521 316 1560 Comes
341 1521 490 1559 Petrus
513 1520 814 1571 SzentgyOrgyi
850 1520 1033 1558 vaivoda
1057 1518 1370 1570 Transylvanus
1396 1515 1622 1556 conventui
1661 1512 1860 1554 ecclesiae

778 1579 829 1618 de
860 1579 1242 1617 Kolozsmonostor.

315 1679 500 1720 Litterae
530 1678 828 1734 requisitorz'ae
857 1682 935 1733 pro
965 1682 1086 1733 parte
1117 1676 1331 1732 Stephani
1362 1675 1565 1717 vaivoda&
1595 1674 1651 1715 M
1654 1672 1861 1714 oldavz'ae.

317 1785 486 1827 Amicis
504 1785 595 1828 suis
616 1785 891 1827 Reverendis
910 1785 1153 1827 conventui
1172 1783 1381 1826 ecclesiae
1400 1782 1455 1824 de
1474 1781 1862 1822 Kolosmonostra.

115 1869 152 1895 20
172 1857 333 1898 Petrus
369 1871 531 1906 comes,
569 1871 719 1898 comes
754 1856 809 1898 de
842 1856 1009 1898 Sancto
1046 1855 1235 1910 Georgio
1270 1859 1315 1896 et
1353 1855 1510 1908 Eozyn
1545 1852 1681 1893 iudex
1717 1849 1865 1892 curiae

169 1927 446 1969 Serenissimi
471 1928 687 1983 principis
713 1933 758 1969 et
785 1928 969 1976 domini,
994 1927 1164 1968 domini
1190 1924 1423 1967 wladislai
1449 1923 1563 1978 regis
1590 1920 1864 1976 Hungariae‚

173 1999 418 2041 Bohemiae
446 2004 530 2041 etc.
562 1999 848 2054 vaivodaque
876 1998 1222 2040 Transsilvanus
1250 2001 1294 2038 et
1324 2008 1472 2037 comes
1497 1994 1748 2036 Siculorum
1776 1996 1861 2033 etc.

172 2069 437 2112 Amicitiam
463 2075 674 2126 paratam
701 2085 803 2112 cum
829 2070 1009 2111 honore.
1040 2069 1217 2110 Dicitur
1242 2067 1371 2108 nobis
1398 2066 1442 2107 in
1468 2078 1659 2120 persona
1682 2063 1865 2118 Specta-

172 2140 273 2182 bilis
311 2145 355 2183 et
394 2142 623 2196 Magnifici
662 2141 832 2183 domini
867 2140 1085 2195 Stephani
1122 2138 1345 2181 vaivodae
1383 2135 1717 2184 Moldaviensis‚
1757 2147 1866 2188 quo-

115 2226 152 2253 25
171 2213 307 2255 modo
341 2213 566 2268 quaedam
598 2213 777 2255 litterae
809 2217 853 2254 et
886 2212 1099 2253 litteralia
1130 2224 1211 2252 sua
1243 2210 1547 2251 instrumenta
1578 2221 1633 2248 ex
1664 2204 1867 2260 legitima

172 2283 365 2326 fassione
419 2285 757 2339 annuentiaque
819 2288 863 2326 et
917 2282 1208 2337 inscriptione
1274 2279 1566 2335 Egregiorum
1629 2275 1866 2331 Johannis,

173 2353 380 2405 Emerici,
422 2356 632 2405 Ladislai‚
674 2355 914 2403 Francisci,
953 2353 1171 2408 Stephani
1210 2356 1255 2393 et
1293 2349 1569 2406 Sigismundi
1609 2348 1776 2403 Banffy
1814 2346 1869 2387 de

172 2426 377 2468 Losonch
428 2427 551 2469 facta
602 2427 935 2482 possessionum
987 2425 1124 2479 ipsius
1176 2422 1347 2464 domini
1383 2420 1603 2476 Stephani
1640 2417 1866 2461 vaivodae

172 2498 438 2552 exponentis
481 2498 768 2554 Josyplapos,
806 2496 1100 2544 Alsoscewch,
1134 2495 1280 2549 Rohy,
1314 2493 1604 2547 Danpataka,
1647 2489 1862 2531 Machka-

116 2580 151 2607 30
171 2582 338 2610 mezew
366 2573 411 2610 et
443 2569 663 2611 Borkwth
692 2573 973 2615 vocatarum,
1006 2565 1188 2607 omnino
1231 2565 1277 2605 in
1319 2563 1541 2605 comitatu
1583 2561 1755 2603 Zolnok
1798 2559 1864 2600 in-

171 2639 324 2680 teriori
333 2640 913 2687 existentiumsshabitarum,
932 2636 1218 2691 tangentium
1234 2640 1279 2677 et
1297 2632 1653 2676 corcernentium
1662 2631 1862 2686 quodam

171 2710 309 2752 modo
350 2711 408 2752 ab
448 2711 545 2765 ipso
587 2700 770 2753 domino
811 2708 1054 2764 exponenti
1098 2706 1334 2761 deperdita
1373 2705 1521 2746 forent
1563 2708 1608 2745 et
1649 2702 1860 2751 alienata,

172 2794 365 2834 quarum
389 2782 515 2836 paria
539 2782 584 2823 in
610 2786 762 2824 vestra
787 2780 989 2822 sacristia
1014 2792 1093 2820 seu
1114 2776 1449 2819 conservatorio
1474 2775 1622 2816 dictae
1646 2773 1856 2815 ecclesiae

173 2856 349 2893 vestrae
384 2866 507 2894 more
543 2853 676 2894 solito
712 2852 908 2907 reposita
944 2850 1219 2891 haberentur
1254 2852 1298 2889 et
1335 2847 1497 2895 locata,
1537 2845 1701 2900 quibus
1736 2857 1857 2885 nunc

119 2924 153 2950 35
172 2921 292 2963 idem
333 2923 541 2965 dominus
578 2924 835 2978 Stephanus
875 2920 1071 2963 vaivoda
1111 2932 1192 2974 pro
1232 2917 1425 2960 tuitione
1466 2916 1631 2958 iurium
1672 2927 1856 2957 suorum

173 2993 418 3035 admodum
449 2995 564 3036 foret
595 2994 882 3036 necessarius.
915 2993 1125 3033 Vestram
1155 2989 1291 3044 igitur
1321 2987 1636 3043 praesentibus
1665 2986 1862 3042 petimus

173 3064 420 3106 amicitiam
454 3066 702 3120 diligenter,
741 3068 966 3119 quatenus
1014 3060 1204 3115 receptis
1245 3058 1559 3115 praesentibus
1591 3057 1868 3112 praescripta

172 3135 298 3188 paria
323 3136 657 3178 antedictarum
682 3136 946 3177 litterarum
972 3137 1016 3174 et
1042 3130 1306 3173 litteralium
1331 3130 1736 3172 instrumentorum
1761 3127 1868 3170 dicti
