2209 3643
313 203 359 235 62
1080 197 1222 243 No.51
1655 193 1730 247 [11.
1767 198 1862 245 Apr.
1902 209 1998 245 1502

315 329 551 371 convenire
598 327 880 374 debentibus,
930 326 1053 381 quod
1094 330 1139 368 et
1187 340 1325 381 quarn
1360 327 1576 382 Egregius
1623 327 1849 377 Nicolaus‚
1883 328 2003 370 filius

315 400 505 441 condam
526 397 662 439 Marci
698 398 752 438 de
788 397 981 438 Bethlen
1015 410 1070 438 ex
1106 397 1312 451 praefata
1347 397 1530 439 domina
1564 398 1698 440 Anna
1726 399 2001 453 progenitus,

315 471 465 525 vigore
494 468 682 510 aliarum
713 467 967 508 litterarum
996 472 1255 509 nostrarum
1284 468 1606 517 fassionalium‚
1624 467 2002 523 obligatorialium

314 539 550 595 superinde
597 538 906 579 confectarum
953 537 1098 579 eidem
1141 538 1341 592 Johanni
1387 539 1628 595 Desewffy,
1677 553 1828 581 coram
1873 541 2002 582 nobis

314 612 406 652 iure
429 608 690 664 perhennali
714 608 852 657 dedit,
870 608 1121 663 annuitque
1135 614 1179 650 et
1196 609 1414 664 ascripsit,
1440 610 1662 665 promptis
1686 624 1788 651 cum
1803 611 2002 665 pecuniis
2040 627 2059 654 5

313 680 561 736 plenariam
605 684 743 733 atque
785 679 1095 721 omnimodam
1139 679 1430 735 impendisset
1473 681 1744 722 solutionem
1786 685 1831 723 et
1873 682 2002 724 satis-

314 751 570 793 factionem.
616 750 687 792 Ob
729 751 813 792 hoc
856 750 975 792 idem
1014 751 1250 804 Johannes
1292 751 1520 807 Desewffy
1562 765 1644 793 sua
1686 765 1737 793 ac
1779 751 2003 794 dictarum

314 821 522 864 dominae
553 820 795 875 Juliannae
830 826 874 863 et
910 821 1085 876 puellae
1119 821 1325 863 Elizabet
1361 821 1407 863 in
1440 822 1640 877 personis
1674 822 1912 877 superinde
1947 823 2005 865 ad

314 893 495 948 plenum
539 896 780 934 contentus
824 892 1006 934 eosdem
1048 892 1283 934 dominum
1323 893 1605 948 Stephanum
1646 894 1917 949 wayvodam
1960 899 2003 935 et

315 963 503 1018 Bogdan
533 962 679 1004 filium
709 963 909 1005 eiusdem
941 963 995 1005 de
1024 967 1069 1004 et
1100 976 1234 1018 super
1262 963 1520 1005 huiusmodi
1549 963 1772 1006 solutione
1801 969 1846 1006 et
1876 965 2005 1006 satis—
2019 980 2059 1007 10

314 1034 510 1076 factione
539 1034 648 1075 dicti
677 1033 783 1075 iuris
812 1033 1063 1089 quartalitii
1092 1038 1231 1088 atque
1259 1033 1377 1076 dotis
1405 1039 1449 1076 et
1477 1049 1627 1076 rerum
1655 1035 2005 1089 parafernalium

315 1104 694 1160 praescriptarum
730 1105 920 1159 quietos,
958 1105 1193 1160 expeditos
1227 1104 1494 1147 reddidisset
1531 1119 1581 1147 ac
1616 1105 1762 1147 modis
1797 1106 2005 1148 omnibus

315 1176 545 1218 absolutos
583 1175 885 1217 conmississet
941 1180 1193 1231 propterea,
1220 1176 1343 1230 quod
1380 1176 1473 1231 ipse
1507 1177 1739 1230 Johannes
1777 1177 2006 1232 Desewffy

315 1261 395 1302 pro
435 1247 593 1288 eadem
633 1260 813 1288 summa
852 1246 1145 1302 pecuniarum
1186 1247 1360 1288 dictum
1400 1247 1542 1289 totale
1582 1247 1650 1289 ius
1691 1247 2005 1302 quartalitium

316 1332 366 1359 ac
394 1317 547 1359 dotem
574 1322 619 1359 et
645 1331 715 1358 res
740 1317 1046 1373 parafernales
1072 1317 1373 1372 praescriptas
1400 1317 1523 1359 omni
1549 1331 1601 1359 eo
1627 1317 1735 1367 iure,
1763 1332 1854 1372 quo
1880 1332 2059 1373 prae-15

316 1389 528 1430 titulatus
545 1388 758 1430 Nicolaus
787 1388 980 1430 Bethlen
1014 1388 1150 1430 modo
1167 1389 1383 1437 antelato,
1402 1388 1546 1430 eidem
1560 1389 1761 1443 Johanni
1777 1389 2005 1445 Desewffy

317 1460 503 1501 dederat
548 1464 593 1501 et
638 1459 939 1514 inscripserat,
986 1459 1154 1501 eisdem
1200 1459 1383 1501 domino
1425 1459 1657 1514 Stephano
1679 1460 1927 1515 wayvodae
1961 1464 2005 1501 et

318 1531 506 1586 Bogdan
553 1530 647 1572 filio
694 1530 893 1572 eiusdem
941 1544 991 1572 ac
1039 1530 1239 1585 ipsorum
1286 1530 1525 1572 heredibus
1571 1535 1615 1572 et
1663 1530 2007 1586 posteritatibus

316 1602 534 1644 universis
570 1601 1096 1656 dedisset,·vendidisset
1133 1601 1486 1656 contulissetque
1521 1606 1566 1642 et
1603 1600 1876 1656 ascripsisset
1913 1601 2007 1643 iure

318 1678 536 1729 perpetuo
579 1677 623 1714 et
668 1672 1020 1714 irrevocabiliter
1063 1672 1325 1721 tenendum,
1370 1672 1706 1727 possidendum,
1751 1672 1919 1727 pariter
1962 1677 2006 1714 et
2021 1688 2059 1715 20

317 1744 592 1792 habendum,
631 1743 804 1784 nullum
843 1743 924 1792 ius,
964 1743 1193 1785 nullamve
1230 1743 1338 1784 iuris
1375 1748 1419 1784 et
1459 1743 1645 1784 dominii
1682 1743 2007 1798 proprietatem

318 1816 362 1857 in
389 1815 557 1857 eisdem
584 1814 702 1856 idem
727 1815 958 1868 Johannes
974 1828 1055 1869 pro
1070 1828 1114 1855 se
1130 1828 1180 1855 ac
1199 1814 1331 1855 dictis
1349 1813 1557 1855 dominae
1580 1813 1822 1868 Juliannae
1848 1813 2007 1855 matris

317 1891 360 1928 et
387 1886 563 1941 puellae
591 1885 795 1926 Elizabet
822 1885 961 1926 sorori
987 1899 1094 1926 suae
1119 1885 1404 1933 reservando,
1433 1884 1511 1926 sed
1536 1889 1687 1926 totum
1714 1884 1782 1926 ius
1808 1898 2007 1926 omnem-

318 1971 404 2012 que
428 1956 534 1998 iuris
557 1961 601 1997 et
627 1955 814 1997 dominii
836 1955 1164 2010 proprietatem
1188 1955 1386 1997 eiusdem
1411 1954 1517 1996 iuris
1540 1955 1790 2009 quartalitii
1814 1969 1865 1997 ac
1889 1955 2008 1997 dotis

319 2033 362 2069 et
405 2041 553 2069 rerum
597 2026 947 2082 parafernalium
990 2026 1369 2081 praescriptarum
1413 2025 1458 2067 in
1501 2026 1729 2080 praefatos
1773 2026 2007 2068 dominum
2022 2043 2059 2069 25

316 2099 597 2153 Stephanum
638 2097 908 2153 wayvodam
951 2102 994 2139 et
1037 2097 1227 2151 Bogdan
1268 2096 1412 2138 filium
1453 2096 1654 2138 eiusdem
1696 2097 2008 2139 transferendo

317 2170 450 2224 pleno
475 2169 582 2217 iure,
610 2168 748 2210 immo
773 2168 963 2223 quietos,
983 2168 1217 2223 expeditos
1242 2168 1438 2209 reddidit
1464 2172 1509 2209 et
1535 2167 1758 2216 conmisit,
1786 2182 1837 2209 ac
1862 2168 2008 2209 modis

320 2240 528 2281 omnibus
554 2239 798 2288 absolutos,
825 2253 1001 2280 necnon
1026 2239 1165 2287 dedit,
1192 2238 1397 2280 vendidit
1424 2238 1707 2293 contulitque
1732 2243 1776 2280 et
1803 2238 2007 2293 ascripsit

320 2325 469 2352 coram
505 2310 648 2358 nobis,
703 2310 974 2351 assumendo
1023 2309 1342 2351 nichilominus
1391 2309 1623 2364 praefatus
1653 2309 1886 2363 Johannes
1922 2310 2007 2351 De-

320 2381 477 2436 sewffy
500 2385 743 2422 annotatos
763 2381 1045 2436 Stephanum
1067 2381 1338 2436 wayvodam
1361 2385 1406 2422 et
1430 2380 1619 2435 Bogdan
1641 2379 1786 2422 filium
1809 2380 2007 2422 eiusdem
2023 2397 2060 2423 30

321 2452 366 2492 in
402 2451 590 2506 pacifico
627 2451 826 2493 dominio
862 2451 1121 2493 huiusmodi
1158 2451 1264 2493 iuris
1301 2451 1551 2506 quartalitii
1587 2455 1746 2492 contra
1780 2451 2008 2506 praefatas

322 2522 551 2563 dominam
575 2522 838 2576 Juliannam
865 2527 909 2564 et
937 2522 1133 2577 puellam
1175 2521 1380 2564 Elizabet
1408 2526 1452 2563 et
1480 2521 1589 2563 alios
1616 2521 1840 2576 quoslibet
1865 2521 2008 2576 legiti-

322 2606 419 2634 mos
462 2592 754 2647 impetitores,
785 2593 1033 2635 causidicos
1076 2598 1120 2634 et
1166 2597 1339 2634 actores
1382 2597 1614 2648 protegere
1656 2596 1701 2633 et
1745 2605 2009 2634 conservare

322 2663 512 2717 propriis
530 2663 620 2704 suis
636 2663 865 2705 laboribus
874 2668 917 2705 et
928 2664 1147 2719 expensis,
1167 2663 1248 2705 tali
1265 2663 1550 2718 obligationis
1567 2662 1747 2704 vinculo
1764 2662 2006 2712 mediante,

324 2733 445 2786 quod
467 2733 503 2774 si
525 2748 631 2775 casu
654 2748 743 2787 quo
766 2735 998 2788 praefatus
1018 2735 1250 2788 Johannes
1273 2734 1501 2789 Desewffy
1523 2733 1750 2775 antefatos
1774 2733 2007 2774 dominum
2021 2750 2064 2777 35

321 2803 601 2857 Stephanum
619 2805 888 2859 wayvodam
899 2819 949 2846 ac
960 2805 1148 2860 Bogdan
1167 2805 1311 2846 filium
1320 2804 1519 2846 eiusdem
1538 2804 1583 2845 in
1600 2803 1790 2858 pacifico
1808 2803 2007 2845 dominio

324 2874 585 2928 praescripti
614 2874 720 2915 iuris
749 2875 998 2928 quartalitii
1027 2881 1188 2917 contra
1216 2875 1457 2930 praefatas,
1489 2874 1718 2915 dominam
1744 2873 2007 2926 Juliannam

326 2948 368 2983 et
417 2944 610 2997 puellam
674 2944 877 2986 Elizabet
925 2951 969 2987 et
1017 2946 1126 2987 alios
1173 2946 1397 2999 quoslibet
1443 2944 1665 2998 legitimos
1711 2943 2005 2998 impetitores,

327 3013 571 3054 causidicos
593 3019 636 3055 et
660 3019 832 3056 actores
853 3021 1084 3070 protegere
1105 3021 1149 3057 et
1173 3029 1435 3057 conservare
1457 3014 1646 3069 propriis
1667 3013 1758 3055 suis
1779 3014 2007 3055 laboribus

326 3086 370 3122 et
403 3084 607 3136 expensis
634 3084 714 3125 tali
741 3085 958 3139 obliganti
997 3086 1177 3127 vinculo
1215 3085 1457 3133 mediante,
1486 3084 1608 3138 quod
1634 3098 1739 3125 casu
1766 3098 1855 3138 quo
1881 3099 2006 3139 prae·
2022 3103 2060 3129 40

327 3151 448 3192 fatus
477 3153 707 3210 Johannes
738 3155 965 3210 Desewffy
996 3157 1222 3198 antefatos
1254 3156 1487 3197 dominum
1515 3155 1796 3209 Stephanum
1827 3169 2007 3210 wayvo—
