2209 3643
142 201 178 232 9.
215 189 420 224 Februarii
456 183 565 238 1468]
831 187 905 222 No.
940 197 1037 231 3—4
1813 195 1834 229 3

923 348 961 389 3.

643 460 807 509 Pralza,
847 473 885 514 9.
929 460 1161 502 Februarii
1198 460 1324 514 1468.

245 554 448 605 Georgius
484 552 720 592 Podiebrad
756 564 828 590 rex
863 551 1092 590 Bohemiae
1128 551 1313 589 Mathiae
1350 551 1433 602 regi
1469 551 1724 601 Hungariae.

281 664 486 706 Condolet
507 664 557 704 de
580 662 830 704 vulneribus
856 662 902 703 in
927 662 1029 703 bello
1053 661 1301 702 llloldavico
1325 662 1549 717 perceptis,
1567 662 1639 702 sed
1661 675 1834 717 congra-

80 759 99 784 5
137 737 313 785 tulatztr,
339 736 450 790 quod
487 733 681 790 pericula
703 733 955 785 felicissime
978 732 1163 774 evitavit.

284 842 465 884 Letiora
505 845 611 883 sunt
651 840 830 896 gaudia,
874 853 992 894 quae
1034 839 1240 881 tristibus
1281 838 1543 887 succedunt,
1587 852 1724 893 quam
1766 852 1832 888 ea,

137 927 254 968 quae
277 927 322 954 se
346 927 401 954 ex
424 913 599 967 integro
622 911 784 953 animis
806 910 1042 952 hominum
1065 914 1422 965 repraesentant,
1447 909 1567 951 unde
1590 914 1741 951 ortum
1765 914 1833 951 est

138 984 261 1026 istud
289 984 379 1025 iam
406 984 568 1025 tritum
595 983 718 1038 vulgi
745 995 949 1024 sermone
977 980 1266 1036 proverbium
1289 994 1296 1021 :
1327 980 1509 1022 «Dulcia
1535 994 1624 1022 non
1652 981 1830 1030 meruit,

138 1056 216 1110 qui
244 1069 334 1096 non
362 1055 566 1110 gustavit
594 1067 769 1095 amara»
796 1058 842 1095 et
870 1053 1006 1094 alibi:
1038 1052 1243 1094 «Dulcior
1270 1056 1338 1093 est
1367 1066 1505 1106 apum
1534 1065 1663 1106 mage
1690 1052 1832 1101 labor,

80 1140 115 1167 10
138 1127 175 1168 si
210 1127 356 1168 malus
391 1140 470 1167 ora
504 1125 627 1180 prius
662 1138 795 1180 sapor
829 1124 950 1173 edat,
987 1123 1159 1178 gratius
1194 1127 1318 1164 astra
1352 1122 1515 1171 nitent,
1553 1122 1631 1164 ubi
1665 1123 1835 1164 nothus

137 1197 301 1239 desinit
324 1196 576 1238 imbriferos
598 1196 704 1237 dare
719 1208 885 1237 sonos».
905 1195 1003 1236 Iam
1018 1194 1192 1249 pridem
1213 1193 1398 1235 auribus
1418 1193 1584 1235 nostris
1616 1194 1830 1242 insonuit,

136 1269 295 1310 Frater
332 1267 581 1316 carissime,
616 1280 854 1322 personam
886 1266 1095 1307 Vestram
1128 1265 1277 1306 hostili
1319 1264 1410 1306 telo
1442 1265 1636 1320 petitam
1668 1264 1834 1306 lethale

136 1339 302 1381 vulnus
323 1338 563 1393 excepisse.
588 1339 681 1379 Nos
702 1351 810 1379 vero
831 1336 1064 1379 conterriti
1086 1350 1137 1378 ac
1159 1335 1415 1378 tremefacti
1435 1335 1630 1377 tremula
1650 1335 1834 1390 quidem

135 1409 475 1465 exspectatione
519 1408 801 1464 aliquamdiu
844 1407 1002 1449 afflicti
1045 1407 1256 1449 stetimus
1300 1407 1514 1461 ambigua
1557 1406 1833 1461 cogitatione

80 1497 118 1524 ατ)
135 1480 352 1536 suspensi.
391 1480 595 1522 Tandem
632 1479 761 1521 nobis
808 1478 1007 1520 innotuit
1053 1478 1353 1520 Serenitatem
1390 1478 1489 1519 me
1527 1477 1572 1518 in
1615 1477 1834 1519 Valachia

137 1557 296 1594 contra
328 1552 480 1593 hostes
514 1551 586 1593 vel
618 1550 867 1606 perduelles
900 1554 1075 1591 vestros
1109 1549 1297 1590 feliciter
1330 1548 1590 1590 dimicando
1623 1552 1833 1604 optatam

137 1623 377 1665 victoriam
399 1625 665 1677 reportasse,
691 1621 856 1663 vulnus
879 1625 1033 1662 autem
1056 1619 1247 1661 adversa
1270 1619 1384 1661 facie
1406 1619 1584 1661 illatum
1607 1624 1661 1663 et⁴
1675 1633 1834 1674 excep-

135 1700 250 1743 tum,
286 1693 496 1735 militaris
530 1692 670 1734 animi
703 1692 843 1733 vestri
864 1695 960 1732 tarn
983 1690 1227 1746 gloriosum
1254 1690 1468 1745 praebere
1502 1690 1829 1739 testimonium,

135 1770 186 1807 ut
202 1765 302 1820 plus
317 1765 421 1806 inde
435 1763 755 1806 consolationis
770 1766 815 1804 et
830 1762 1015 1804 bellicae
1030 1761 1175 1803 laudis
1190 1761 1481 1816 praeconium
1496 1765 1541 1802 et
1556 1760 1828 1816 repetendae

79 1852 118 1878 :30
136 1835 458 1891 congressionis
495 1834 709 1876 fiduciam
748 1833 984 1889 pepererit,
1026 1846 1164 1887 quam
1201 1845 1257 1873 ex
1295 1831 1390 1873 ictu
1426 1832 1499 1873 vel
1537 1832 1828 1887 impressione

137 1907 350 1949 dolorem.
376 1907 525 1948 Tanto
549 1919 653 1960 ergo
673 1905 841 1946 maiore
856 1903 1032 1945 laetitia
1046 1903 1215 1958 perfusi
1229 1916 1398 1951 sumus,
1425 1907 1599 1958 quanto
1623 1902 1746 1958 prius
1770 1916 1826 1944 ex

139 1992 340 2020 maerore
365 1976 656 2020 consternati.

284 2049 458 2091 Datum
480 2049 665 2102 Pragae,
689 2059 728 2102 9.
752 2045 998 2094 Februarii,
1021 2044 1145 2099 regni
1164 2044 1307 2086 nostri
1328 2058 1447 2085 anno
1468 2044 1655 2086 decimo.

190 2156 303 2201 (Grof
326 2155 461 2190 Teleki
483 2154 642 2200 Jozsef:
682 2152 930 2199 Hunyadiak
954 2152 1051 2185 kora
1073 2149 1435 2195 Magyarorszagon
1459 2150 1533 2183 XI.
1559 2160 1648 2195 pag.
1675 2149 1776 2193 306.)

964 2315 1002 2356 4.

77 2336 101 2362 ιθ

106 2338 121 2363 0¹

632 2427 886 2480 Esztergom,
921 2435 988 2475 23.
1022 2423 1183 2464 Martii
1215 2422 1340 2475 1468.

235 2517 420 2556 Mathias
441 2529 513 2556 rex
536 2515 778 2567 Hungariae
801 2513 1029 2554 conventui
1051 2511 1246 2552 ecclesiae
1268 2512 1319 2550 de
1344 2511 1734 2550 Kolozsmonostor.

286 2629 555 2670 Mandatum
598 2626 872 2668 statutorzlum
913 2628 991 2679 pro
1034 2626 1154 2678 parte
1196 2622 1372 2663 Nz'colai
1414 2622 1584 2677 Csupor
1626 2622 1831 2664 vaivodae

142 2699 488 2754 Transylvaniae
502 2702 631 2753 super
644 2696 911 2753 possessione
922 2695 959 2736 Z
961 2694 1040 2735 suk
1060 2698 1097 2734 et
1111 2693 1227 2740 aliis,
1238 2697 1314 2748 pro
1330 2707 1389 2741 eo,
1408 2693 1519 2748 quod
1536 2692 1586 2734 in
1599 2692 1656 2733 M
1658 2692 1830 2734 oldavz'a

87 2784 124 2811 30
141 2770 350 2825 pugnavit
388 2783 486 2810 cum
523 2783 614 2824 rege
641 2768 819 2810 Mathia
846 2770 991 2808 contra
1018 2763 1287 2818 Stephanum
1313 2764 1539 2805 vaz'vodam
1565 2764 1621 2804 M
1623 2764 1829 2805 oldavz'ae.

287 2875 484 2918 Mathias
520 2875 604 2917 Dei
640 2874 786 2930 gratia
810 2887 889 2915 rex
914 2870 1186 2925 Hungariae,
1214 2870 1483 2918 Dalmatiae,
1512 2870 1717 2912 Croatiae
1741 2874 1829 2911 etc.

144 2947 372 2988 Fidelibus
406 2946 571 2988 nostris
607 2944 850 2987 conventui
885 2942 1092 2985 ecclesiae
1127 2941 1181 2982 de
1218 2941 1594 2982 Colosmonostra.
1629 2940 1831 2982 Salutem

144 3023 190 3059 et
211 3017 418 3072 gratiam.
443 3017 575 3071 Quod
596 3030 698 3058 cum
722 3015 921 3057 officium
942 3013 1000 3054 sit
1027 3011 1316 3066 principibus,
1339 3015 1390 3052 ut
1413 3023 1598 3052 suorum
1631 3011 1832 3053 subdito-

145 3102 245 3129 rum
269 3088 440 3129 meritis
464 3092 584 3129 recte
608 3085 869 3142 ponderatis
893 3082 1241 3136 uniuscuiusque
1266 3081 1426 3123 merita
1451 3081 1682 3136 condignis
1706 3082 1832 3123 retri-

83 3171 129 3197 35
146 3158 409 3199 butionibus
428 3161 771 3213 prosequantur,
793 3156 853 3196 sic
874 3154 992 3196 enim
1012 3158 1055 3194 et
1076 3152 1329 3207 principum
1360 3152 1620 3194 laudabitur
1638 3152 1832 3207 pruden-

1649 3230 1690 3268 1*
