2209 3643
151 1709 286 1748 1.⁴Aug.

145 2278 191 2307 13.
215 2269 281 2308 Jan.

149 2916 195 2945 13.
219 2907 285 2946 Jan.

315 217 385 248 116
1077 212 1151 245 No.
1179 212 1226 255 87
1685 206 1758 260 [27.
1781 212 1871 256 Jan.
1899 219 1996 256 1519

309 343 643 400 possessionarii
663 342 857 397 praefati
879 341 1051 382 domini
1071 340 1261 395 Bogdan
1282 340 1504 382 vaivodae
1540 341 1585 382 in
1606 354 1789 382 causam
1810 342 1996 384 attracti

309 415 429 455 intra
464 413 687 455 ambitum
724 413 885 453 harum
921 411 1122 466 partium
1147 410 1570 453 Transsilvanarum
1593 411 1783 453 ubilibet
1819 412 1996 454 habita-

309 498 422 533 rum,
460 483 618 525 vicinis
653 488 697 524 et
734 481 1056 524 commetaneis
1091 481 1336 523 earundem
1371 482 1605 531 universis,
1643 481 1753 523 inibi
1800 482 1997 537 legitime

310 554 568 597 convocatis
601 557 645 594 et
677 552 991 607 praesentibus
1040 552 1373 602 accedentibus,
1407 553 1566 594 habita
1597 552 1721 608 prius
1752 553 1996 596 eorundem

309 625 415 667 iuris
450 623 785 680 possessionarii
820 623 1022 679 legitima
1055 623 1413 666 reambulatione
1449 627 1494 664 et
1530 623 1753 678 condigna
1788 624 1997 667 aestima·
2035 641 2051 666 5

308 697 444 744 tione,
489 694 769 749 exclusisque
811 693 1095 750 portionibus
1137 694 1327 737 aliorum
1370 695 1689 749 quorumlibet,
1733 694 1788 737 de
1830 694 1997 738 eisdem

309 766 454 822 primo
478 765 533 807 de
558 765 690 807 rebus
714 770 759 807 et
783 765 914 808 bonis
939 765 1181 807 mobilibus
1206 765 1344 820 ipsius
1359 765 1531 807 domini
1545 767 1737 822 Bogdan
1760 766 1997 815 vaivodae,

309 836 496 879 tandem
516 850 636 885 vero,
658 837 696 878 si
714 851 894 879 necesse
914 836 1064 885 fuerit,
1086 836 1140 878 de
1160 836 1254 879 iure
1274 836 1624 892 possessionario
1644 842 1714 880 tot
1735 841 1780 879 et
1800 842 1998 887 tantum,

309 910 421 962 quot
454 907 663 949 videlicet
695 912 740 949 et
773 913 999 963 quantum
1029 921 1076 949 se
1108 907 1167 949 ad
1197 908 1398 950 valorem
1428 908 1562 950 unius
1594 921 1772 950 marcae
1803 909 1915 958 auri,
1947 914 1999 951 ut

308 978 619 1035 praemittitur
649 980 942 1034 septuaginta
974 979 1087 1021 duos
1118 979 1310 1022 florenos
1342 979 1439 1021 auri
1470 979 1728 1021 faciendum
1760 980 2001 1022 extendere
2021 994 2053 1020 10

308 1049 551 1099 videretur,
602 1049 853 1105 separando
901 1055 946 1092 et
994 1050 1252 1092 excedendo
1300 1055 1543 1104 occuparet
1592 1054 1906 1106 occupataque
1954 1051 1999 1092 in

311 1120 488 1164 duabus
524 1121 703 1169 nostris,
742 1121 787 1163 in
825 1121 961 1163 tertia
997 1135 1104 1163 vero
1141 1122 1347 1177 partibus
1385 1120 1494 1162 dicti
1531 1121 1695 1163 actoris
1732 1122 1874 1177 partis
1909 1122 2001 1163 suis

311 1191 534 1241 manibus,
563 1191 755 1242 tamdiu,
783 1206 861 1247 per
891 1206 974 1235 nos
1006 1193 1150 1247 ipsam
1183 1197 1360 1248 partem
1379 1193 1631 1241 adversam,
1657 1205 1892 1248 quousque
1922 1206 2002 1248 per

310 1264 458 1319 ipsum
476 1264 711 1305 dominum
729 1264 920 1318 Bogdan
938 1264 1183 1306 vaivodam
1201 1265 1273 1306 vel
1290 1264 1413 1313 alios,
1434 1277 1626 1318 quorum
1644 1263 2001 1319 redemptionem

309 1335 452 1390 magis
489 1338 765 1390 competeret
803 1348 830 1376 a
866 1335 997 1377 nobis
1034 1339 1079 1377 et
1116 1334 1214 1390 ipsa
1250 1339 1380 1391 parte
1417 1335 1608 1377 adversa
1643 1335 1970 1377 redimerentur
1990 1349 1999 1385 ;
2021 1349 2056 1376 15

309 1406 522 1448 statuerit
564 1405 700 1448 titulo
742 1406 940 1461 pignoris
983 1406 1255 1461 possidenda
1296 1405 1600 1455 consimiliter,
1645 1406 2001 1449 contradictione

310 1477 503 1534 praefati
531 1477 702 1519 domini
730 1476 919 1532 Bogdan
946 1478 1168 1520 vaivodae
1195 1483 1240 1519 et
1268 1479 1458 1520 aliorum
1485 1477 1790 1533 quorumlibet
1818 1477 2002 1532 praevia

310 1551 485 1592 ratione
526 1563 616 1590 non
659 1548 884 1590 obstante.
930 1549 990 1591 Et
1033 1553 1135 1604 post
1177 1549 1287 1590 haec
1328 1549 1587 1593 huiusmodi
1628 1548 2001 1604 possessionariae

310 1621 599 1664 viceiteratae
642 1619 956 1663 restatutionis
999 1633 1050 1662 ac
1094 1633 1271 1661 marcae
1314 1622 1411 1663 auri
1453 1619 1689 1662 solutionis
1732 1620 1904 1669 seriem,
1949 1623 2000 1661 ut

310 1692 436 1734 fieret
473 1690 805 1747 expediendum
843 1691 901 1732 ad
937 1695 1124 1733 octavas
1160 1691 1264 1733 festi
1300 1691 1432 1735 Beati
1464 1690 1626 1746 Jacobi
1662 1691 1856 1746 apostoli
1891 1695 2001 1732 tunc
2020 1705 2056 1731 20

311 1768 527 1805 venturas
578 1762 775 1817 legitime
826 1762 1136 1817 perdurandas
1187 1762 1316 1804 nobis
1368 1777 1449 1806 suo
1500 1762 1634 1804 modo
1686 1761 1999 1804 rescriberetis.

310 1835 350 1876 A
373 1834 537 1889 quibus
560 1833 745 1888 quidem
768 1832 942 1875 octavis
964 1834 1069 1876 festi
1092 1834 1224 1875 Beati
1243 1834 1406 1887 Jacobi
1428 1832 1622 1888 apostoli
1644 1846 1780 1875 causa
1802 1832 2003 1888 partium

311 1904 603 1960 praescripta,
646 1908 798 1959 partes
839 1904 956 1945 inter
995 1904 1176 1946 easdem
1217 1904 1414 1947 seriebus
1454 1904 1708 1946 litterarum
1748 1909 2004 1946 vestrarum

313 1975 725 2031 prorogatoriarum
747 2009 754 2016 .
780 2009 787 2016 .
812 2009 819 2016 .
854 1975 1001 2017 medio
1033 1976 1171 2017 etiarn
1202 1979 1405 2032 ternpore
1435 1975 1641 2031 praefato
1673 1975 1856 2017 domino
1887 1975 2003 2028 Bog-

313 2047 403 2088 dan
430 2046 627 2088 vaivoda
654 2046 712 2087 ab
739 2046 822 2088 hac
850 2046 947 2088 luce
975 2046 1220 2088 decedente
1246 2050 1291 2088 et
1318 2061 1454 2090 causa
1492 2046 1719 2101 praesenti
1757 2047 1802 2088 in
1834 2045 2005 2100 Magni-
2024 2060 2060 2086 25

314 2118 449 2159 ficum
470 2117 705 2158 dominum
717 2117 1000 2171 Stephanum
1017 2116 1221 2159 similiter
1236 2118 1481 2160 vaivodam
1496 2116 1851 2160 Moldaviensem
1864 2116 2007 2158 filium

312 2188 511 2230 eiusdem
561 2188 751 2242 Bogdan
801 2187 1023 2230 vaivodae
1072 2188 1458 2231 condescendente
1507 2188 1769 2242 praesentes
1819 2191 2006 2231 octavas

316 2259 423 2300 festi
452 2258 812 2313 Epiphaniarum
835 2258 1019 2300 Domini
1048 2258 1235 2301 dilative
1264 2259 1542 2315 attigissetis.
1575 2258 1748 2313 Quibus
1777 2256 2006 2301 instantiis

313 2330 577 2372 Franciscus
603 2329 658 2371 de
679 2329 928 2385 Fanchyka
953 2343 1034 2385 pro
1060 2330 1266 2385 praefato
1290 2332 1500 2386 Johanne
1525 2329 1684 2371 Desew
1708 2335 1874 2378 actore,
1901 2342 2006 2370 cum

313 2399 632 2455 procuratoriis
646 2400 808 2442 litteris
823 2400 988 2442 nostris
1016 2401 1061 2442 in
1080 2405 1284 2443 nostram
1300 2402 1484 2445 veniens
1498 2401 1815 2455 praesentiam,
1831 2400 2005 2442 litteras
2022 2414 2056 2440 30

314 2475 487 2513 vestras
526 2485 660 2525 super
698 2471 945 2525 praemissa
983 2472 1287 2526 exequutione
1326 2473 1455 2515 nobis
1494 2471 1727 2514 relatorias
1766 2469 2005 2524 rescriptas

314 2541 358 2582 in
387 2542 544 2597 papiro
573 2542 720 2583 clause
747 2546 996 2591 emanatas,
1024 2543 1153 2584 nobis
1176 2543 1485 2598 praesentavit
1506 2543 1625 2585 hunc
1640 2547 1843 2584 tenorem
1863 2540 2006 2583 conti-

313 2616 483 2654 nentes.
505 2646 511 2653 .
533 2614 565 2653 .1
603 2612 775 2666 Quibus
812 2613 1025 2654 exhibitis
1061 2618 1106 2655 et
1144 2615 1444 2668 praesentatis
1481 2618 1759 2656 memoratus
1795 2611 2004 2654 dominus

312 2682 567 2737 Stephanus
588 2682 785 2724 vaivoda
805 2683 850 2724 in
871 2697 1054 2725 causam
1075 2688 1300 2727 attractus
1320 2700 1399 2741 per
1419 2689 1692 2727 annotatum
1715 2682 2004 2724 Franciscum

316 2753 369 2793 de
397 2754 656 2808 Fanchyka,
685 2753 936 2808 legitimum
963 2760 1300 2809 procuratorem
1330 2755 1524 2811 praefati
1551 2754 1715 2798 actoris
1741 2754 1786 2795 in
1813 2765 2003 2808 persona
2020 2767 2054 2792 35

315 2823 513 2865 eiusdem
533 2824 739 2878 congruis
754 2825 912 2867 diebus
933 2826 1311 2880 praescriptarum
1327 2831 1593 2868 octavarum
1608 2824 1711 2866 festi
1727 2823 2004 2878 Epiphania-

315 2907 414 2934 rum
440 2894 622 2936 Domini
646 2908 797 2937 coram
820 2895 949 2937 nobis
973 2901 1240 2950 expectatus
1262 2902 1465 2938 nostram
1501 2897 1546 2937 in
1574 2894 1875 2950 praesentiam
1910 2907 2001 2934 non

316 2964 440 3004 venit
455 2978 601 3018 neque
615 2965 751 3014 misit,
769 2979 816 3007 se
831 2965 1060 3008 mediante
1076 2966 1172 3008 aliis
1187 2966 1348 3008 litteris
1362 2966 1526 3007 nostris
1543 2964 1826 3007 iudicialibus
1840 2963 2002 3005 exinde

317 3034 531 3075 confectis
569 3035 614 3075 in
652 3035 816 3077 iudicio
854 3041 1069 3078 consueto
1123 3037 1325 3090 conquiri
1362 3041 1407 3078 et
1446 3034 1694 3090 aggravari,
1733 3033 2001 3089 permittens

455 3184 594 3217 12Vide
619 3185 692 3218 sub
719 3196 883 3219 numero
912 3187 970 3230 83.
2015 3202 2051 3227 4ο
