<?xml version="1.0" encoding="UTF-8"?>
<!DOCTYPE html PUBLIC "-//W3C//DTD XHTML 1.0 Transitional//EN"
    "http://www.w3.org/TR/xhtml1/DTD/xhtml1-transitional.dtd">
<html xmlns="http://www.w3.org/1999/xhtml" xml:lang="en" lang="en">
 <head>
  <title>
</title>
<meta http-equiv="Content-Type" content="text/html;charset=utf-8" />
  <meta name='ocr-system' content='tesseract 3.04.00' />
  <meta name='ocr-capabilities' content='ocr_page ocr_carea ocr_par ocr_line ocrx_word'/>
</head>
<body>
  <div class='ocr_page' id='page_1' title='image "actaetepistolaer01vereuoft_0170.png"; bbox 0 0 2209 3643; ppageno 0'>
   <div class='ocr_carea' id='block_1_1' title="bbox 243 178 1935 233">
    <p class='ocr_par' dir='ltr' id='par_1_1' title="bbox 243 178 1935 233">
     <span class='ocr_line' id='line_1_1' title="bbox 243 178 1935 233; baseline -0.002 -12"><span class='ocrx_word' id='word_1_1' title='bbox 243 197 311 233; x_wconf 87' lang='lat'>154</span> <span class='ocrx_word' id='word_1_2' title='bbox 1001 184 1076 217; x_wconf 76' lang='lat' dir='ltr'>No.</span> <span class='ocrx_word' id='word_1_3' title='bbox 1102 194 1170 227; x_wconf 83' lang='lat'>115</span> <span class='ocrx_word' id='word_1_4' title='bbox 1695 178 1811 232; x_wconf 79' lang='lat' dir='ltr'>[Nov.</span> <span class='ocrx_word' id='word_1_5' title='bbox 1837 194 1935 229; x_wconf 85' lang='lat'>1527</span> 
     </span>
    </p>
   </div>
   <div class='ocr_carea' id='block_1_2' title="bbox 241 312 2004 2128">
    <p class='ocr_par' dir='ltr' id='par_1_2' title="bbox 241 312 1993 1502">
     <span class='ocr_line' id='line_1_2' title="bbox 242 312 1934 367; baseline -0.004 -8"><span class='ocrx_word' id='word_1_6' title='bbox 242 317 424 359; x_wconf 78' lang='lat' dir='ltr'>debebit</span> <span class='ocrx_word' id='word_1_7' title='bbox 452 316 523 357; x_wconf 87' lang='lat' dir='ltr'>vel</span> <span class='ocrx_word' id='word_1_8' title='bbox 550 315 643 356; x_wconf 92' lang='lat' dir='ltr'>sine</span> <span class='ocrx_word' id='word_1_9' title='bbox 669 314 786 355; x_wconf 89' lang='lat' dir='ltr'>bello</span> <span class='ocrx_word' id='word_1_10' title='bbox 812 327 948 367; x_wconf 87' lang='lat' dir='ltr'>regno</span> <span class='ocrx_word' id='word_1_11' title='bbox 968 313 1030 353; x_wconf 88' lang='lat' dir='ltr'>illi</span> <span class='ocrx_word' id='word_1_12' title='bbox 1051 312 1312 366; x_wconf 90' lang='lat' dir='ltr'>Hungariae</span> <span class='ocrx_word' id='word_1_13' title='bbox 1332 325 1535 367; x_wconf 89' lang='lat' dir='ltr'>praeesse</span> <span class='ocrx_word' id='word_1_14' title='bbox 1556 312 1756 366; x_wconf 90' lang='lat' dir='ltr'>illudque</span> <span class='ocrx_word' id='word_1_15' title='bbox 1783 313 1934 367; x_wconf 89' lang='lat' dir='ltr'>acqui-</span> 
     </span>
     <span class='ocr_line' id='line_1_3' title="bbox 241 383 1935 442; baseline -0.004 -12"><span class='ocrx_word' id='word_1_16' title='bbox 241 402 336 430; x_wconf 89' lang='lat' dir='ltr'>rere</span> <span class='ocrx_word' id='word_1_17' title='bbox 367 387 524 442; x_wconf 80' lang='lat' dir='ltr'>possit,</span> <span class='ocrx_word' id='word_1_18' title='bbox 558 385 705 439; x_wconf 92' lang='lat' dir='ltr'>inquit</span> <span class='ocrx_word' id='word_1_19' title='bbox 739 384 846 438; x_wconf 87' lang='lat' dir='ltr'>ipse,</span> <span class='ocrx_word' id='word_1_20' title='bbox 881 384 1072 425; x_wconf 77' lang='lat' dir='ltr'>fortasse</span> <span class='ocrx_word' id='word_1_21' title='bbox 1105 383 1164 424; x_wconf 91' lang='lat' dir='ltr'>ab</span> <span class='ocrx_word' id='word_1_22' title='bbox 1203 384 1412 425; x_wconf 86' lang='lat' dir='ltr'>omnibus</span> <span class='ocrx_word' id='word_1_23' title='bbox 1444 383 1799 438; x_wconf 77' lang='lat' dir='ltr'>possessionibus</span> <span class='ocrx_word' id='word_1_24' title='bbox 1843 383 1935 424; x_wconf 90' lang='lat' dir='ltr'>suis</span> 
     </span>
     <span class='ocr_line' id='line_1_4' title="bbox 241 453 1935 515; baseline -0.002 -16"><span class='ocrx_word' id='word_1_25' title='bbox 241 457 468 515; x_wconf 83' lang='lat' dir='ltr'>profligari</span> <span class='ocrx_word' id='word_1_26' title='bbox 487 456 642 511; x_wconf 82' lang='lat' dir='ltr'>possit.</span> <span class='ocrx_word' id='word_1_27' title='bbox 686 454 759 495; x_wconf 82' lang='lat' dir='ltr'>Ad</span> <span class='ocrx_word' id='word_1_28' title='bbox 778 453 900 508; x_wconf 90' lang='lat' dir='ltr'>quod</span> <span class='ocrx_word' id='word_1_29' title='bbox 920 453 1255 508; x_wconf 78' lang='lat' dir='ltr'>responsionem</span> <span class='ocrx_word' id='word_1_30' title='bbox 1275 468 1330 495; x_wconf 83' lang='lat' dir='ltr'>ex</span> <span class='ocrx_word' id='word_1_31' title='bbox 1349 468 1420 495; x_wconf 92' lang='lat' dir='ltr'>me</span> <span class='ocrx_word' id='word_1_32' title='bbox 1440 454 1537 508; x_wconf 92' lang='lat' dir='ltr'>ipso</span> <span class='ocrx_word' id='word_1_33' title='bbox 1557 454 1660 495; x_wconf 89' lang='lat' dir='ltr'>dedi</span> <span class='ocrx_word' id='word_1_34' title='bbox 1679 458 1724 495; x_wconf 90' lang='lat' dir='ltr'>et</span> <span class='ocrx_word' id='word_1_35' title='bbox 1743 454 1935 495; x_wconf 92' lang='lat' dir='ltr'>iurando</span> 
     </span>
     <span class='ocr_line' id='line_1_5' title="bbox 242 524 1934 580; baseline -0.004 -9"><span class='ocrx_word' id='word_1_36' title='bbox 242 530 280 572; x_wconf 90' lang='lat' dir='ltr'>ei</span> <span class='ocrx_word' id='word_1_37' title='bbox 303 529 438 570; x_wconf 87' lang='lat' dir='ltr'>fidem</span> <span class='ocrx_word' id='word_1_38' title='bbox 463 526 560 575; x_wconf 79' lang='lat' dir='ltr'>feci,</span> <span class='ocrx_word' id='word_1_39' title='bbox 587 525 710 580; x_wconf 92' lang='lat' dir='ltr'>quod</span> <span class='ocrx_word' id='word_1_40' title='bbox 735 524 876 578; x_wconf 86' lang='lat' dir='ltr'>Regia</span> <span class='ocrx_word' id='word_1_41' title='bbox 899 524 1113 565; x_wconf 74' lang='lat' dir='ltr'>Maiestas</span> <span class='ocrx_word' id='word_1_42' title='bbox 1136 525 1207 565; x_wconf 63' lang='lat' dir='ltr'>Vm</span> <span class='ocrx_word' id='word_1_43' title='bbox 1230 539 1310 579; x_wconf 92' lang='lat' dir='ltr'>per</span> <span class='ocrx_word' id='word_1_44' title='bbox 1343 525 1597 579; x_wconf 87' lang='lat' dir='ltr'>potentiam</span> <span class='ocrx_word' id='word_1_45' title='bbox 1634 538 1762 566; x_wconf 89' lang='lat' dir='ltr'>suam</span> <span class='ocrx_word' id='word_1_46' title='bbox 1786 524 1934 579; x_wconf 89' lang='lat' dir='ltr'>ipsum</span> 
     </span>
     <span class='ocr_line' id='line_1_6' title="bbox 242 595 1991 653; baseline -0.003 -12"><span class='ocrx_word' id='word_1_47' title='bbox 242 601 287 642; x_wconf 89' lang='lat' dir='ltr'>in</span> <span class='ocrx_word' id='word_1_48' title='bbox 341 610 629 653; x_wconf 78' lang='lat' dir='ltr'>quacumque</span> <span class='ocrx_word' id='word_1_49' title='bbox 699 608 835 637; x_wconf 90' lang='lat' dir='ltr'>causa</span> <span class='ocrx_word' id='word_1_50' title='bbox 901 595 1110 649; x_wconf 89' lang='lat' dir='ltr'>privatus</span> <span class='ocrx_word' id='word_1_51' title='bbox 1176 595 1326 644; x_wconf 72' lang='lat' dir='ltr'>fuerit,</span> <span class='ocrx_word' id='word_1_52' title='bbox 1383 595 1524 649; x_wconf 89' lang='lat' dir='ltr'>Regia</span> <span class='ocrx_word' id='word_1_53' title='bbox 1584 595 1798 637; x_wconf 74' lang='lat' dir='ltr'>Maiestas</span> <span class='ocrx_word' id='word_1_54' title='bbox 1863 595 1935 636; x_wconf 58' lang='lat' dir='ltr'>Vra</span> <span class='ocrx_word' id='word_1_55' title='bbox 1971 612 1991 637; x_wconf 81' lang='lat'>5</span> 
     </span>
     <span class='ocr_line' id='line_1_7' title="bbox 242 665 1936 721; baseline -0.002 -10"><span class='ocrx_word' id='word_1_56' title='bbox 242 668 539 712; x_wconf 75' lang='lat' dir='ltr'>effectualiter</span> <span class='ocrx_word' id='word_1_57' title='bbox 563 666 773 708; x_wconf 84' lang='lat' dir='ltr'>restituet</span> <span class='ocrx_word' id='word_1_58' title='bbox 795 680 803 716; x_wconf 86' lang='lat'>;</span> <span class='ocrx_word' id='word_1_59' title='bbox 833 665 955 720; x_wconf 91' lang='lat' dir='ltr'>quod</span> <span class='ocrx_word' id='word_1_60' title='bbox 981 666 1066 706; x_wconf 84' lang='lat' dir='ltr'>sibi</span> <span class='ocrx_word' id='word_1_61' title='bbox 1091 666 1224 707; x_wconf 88' lang='lat' dir='ltr'>valde</span> <span class='ocrx_word' id='word_1_62' title='bbox 1250 666 1420 721; x_wconf 84' lang='lat' dir='ltr'>placuit</span> <span class='ocrx_word' id='word_1_63' title='bbox 1448 671 1492 707; x_wconf 93' lang='lat' dir='ltr'>et</span> <span class='ocrx_word' id='word_1_64' title='bbox 1520 666 1662 715; x_wconf 90' lang='lat' dir='ltr'>iussit,</span> <span class='ocrx_word' id='word_1_65' title='bbox 1690 671 1742 707; x_wconf 94' lang='lat' dir='ltr'>ut</span> <span class='ocrx_word' id='word_1_66' title='bbox 1770 666 1936 720; x_wconf 82' lang='lat' dir='ltr'>Regiae</span> 
     </span>
     <span class='ocr_line' id='line_1_8' title="bbox 242 735 1936 792; baseline -0.002 -10"><span class='ocrx_word' id='word_1_67' title='bbox 242 735 308 783; x_wconf 58' lang='grc' dir='ltr'>Μἱί</span> <span class='ocrx_word' id='word_1_68' title='bbox 334 741 422 781; x_wconf 54' lang='lat' dir='ltr'>Vm</span> <span class='ocrx_word' id='word_1_69' title='bbox 452 739 537 780; x_wconf 92' lang='lat' dir='ltr'>hoc</span> <span class='ocrx_word' id='word_1_70' title='bbox 567 738 621 779; x_wconf 90' lang='lat' dir='ltr'>de</span> <span class='ocrx_word' id='word_1_71' title='bbox 653 751 699 779; x_wconf 93' lang='lat' dir='ltr'>se</span> <span class='ocrx_word' id='word_1_72' title='bbox 740 737 885 778; x_wconf 80' lang='lat' dir='ltr'>dicere</span> <span class='ocrx_word' id='word_1_73' title='bbox 914 736 1138 785; x_wconf 87' lang='lat' dir='ltr'>deberem,</span> <span class='ocrx_word' id='word_1_74' title='bbox 1182 737 1305 791; x_wconf 91' lang='lat' dir='ltr'>quod</span> <span class='ocrx_word' id='word_1_75' title='bbox 1345 737 1683 792; x_wconf 88' lang='lat' dir='ltr'>quamprimum</span> <span class='ocrx_word' id='word_1_76' title='bbox 1724 737 1936 778; x_wconf 83' lang='lat' dir='ltr'>Maiestas</span> 
     </span>
     <span class='ocr_line' id='line_1_9' title="bbox 241 807 1935 862; baseline -0.004 -8"><span class='ocrx_word' id='word_1_77' title='bbox 241 813 312 854; x_wconf 72' lang='lat' dir='ltr'>Vra</span> <span class='ocrx_word' id='word_1_78' title='bbox 338 810 507 852; x_wconf 88' lang='lat' dir='ltr'>bellum</span> <span class='ocrx_word' id='word_1_79' title='bbox 535 813 694 850; x_wconf 91' lang='lat' dir='ltr'>contra</span> <span class='ocrx_word' id='word_1_80' title='bbox 719 807 888 849; x_wconf 84' lang='lat' dir='ltr'>Turcas</span> <span class='ocrx_word' id='word_1_81' title='bbox 914 812 1096 850; x_wconf 87' lang='lat' dir='ltr'>motura</span> <span class='ocrx_word' id='word_1_82' title='bbox 1122 812 1167 849; x_wconf 92' lang='lat' dir='ltr'>et</span> <span class='ocrx_word' id='word_1_83' title='bbox 1194 808 1477 862; x_wconf 89' lang='lat' dir='ltr'>Hungariam</span> <span class='ocrx_word' id='word_1_84' title='bbox 1516 807 1769 862; x_wconf 89' lang='lat' dir='ltr'>ingressura</span> <span class='ocrx_word' id='word_1_85' title='bbox 1806 812 1935 856; x_wconf 91' lang='lat' dir='ltr'>esset,</span> 
     </span>
     <span class='ocr_line' id='line_1_10' title="bbox 242 878 1938 934; baseline -0.002 -11"><span class='ocrx_word' id='word_1_86' title='bbox 242 896 313 924; x_wconf 88' lang='lat' dir='ltr'>me</span> <span class='ocrx_word' id='word_1_87' title='bbox 342 895 444 923; x_wconf 90' lang='lat' dir='ltr'>cum</span> <span class='ocrx_word' id='word_1_88' title='bbox 473 879 675 934; x_wconf 86' lang='lat' dir='ltr'>legitimo</span> <span class='ocrx_word' id='word_1_89' title='bbox 703 878 924 920; x_wconf 89' lang='lat' dir='ltr'>mandato</span> <span class='ocrx_word' id='word_1_90' title='bbox 953 892 1035 920; x_wconf 92' lang='lat' dir='ltr'>suo</span> <span class='ocrx_word' id='word_1_91' title='bbox 1063 878 1229 920; x_wconf 90' lang='lat' dir='ltr'>iterum</span> <span class='ocrx_word' id='word_1_92' title='bbox 1259 879 1318 920; x_wconf 89' lang='lat' dir='ltr'>ad</span> <span class='ocrx_word' id='word_1_93' title='bbox 1345 892 1392 920; x_wconf 92' lang='lat' dir='ltr'>se</span> <span class='ocrx_word' id='word_1_94' title='bbox 1420 879 1638 927; x_wconf 90' lang='lat' dir='ltr'>mitteret,</span> <span class='ocrx_word' id='word_1_95' title='bbox 1668 882 1719 920; x_wconf 90' lang='lat' dir='ltr'>ut</span> <span class='ocrx_word' id='word_1_96' title='bbox 1749 892 1853 919; x_wconf 92' lang='lat' dir='ltr'>eum</span> <span class='ocrx_word' id='word_1_97' title='bbox 1882 878 1938 919; x_wconf 93' lang='lat' dir='ltr'>de</span> 
     </span>
     <span class='ocr_line' id='line_1_11' title="bbox 244 944 1990 1007; baseline -0.002 -13"><span class='ocrx_word' id='word_1_98' title='bbox 244 953 409 1007; x_wconf 80' lang='lat' dir='ltr'>Regiae</span> <span class='ocrx_word' id='word_1_99' title='bbox 440 944 521 992; x_wconf 72' lang='lat' dir='ltr'>Mtis</span> <span class='ocrx_word' id='word_1_100' title='bbox 552 951 643 991; x_wconf 72' lang='lat' dir='ltr'>Vrae</span> <span class='ocrx_word' id='word_1_101' title='bbox 676 949 927 991; x_wconf 89' lang='lat' dir='ltr'>adventum</span> <span class='ocrx_word' id='word_1_102' title='bbox 971 949 1278 991; x_wconf 87' lang='lat' dir='ltr'>certificarem.</span> <span class='ocrx_word' id='word_1_103' title='bbox 1324 949 1424 1004; x_wconf 76' lang='lat' dir='ltr'>Quo</span> <span class='ocrx_word' id='word_1_104' title='bbox 1467 950 1604 998; x_wconf 72' lang='lat' dir='ltr'>facto,</span> <span class='ocrx_word' id='word_1_105' title='bbox 1649 949 1806 991; x_wconf 89' lang='lat' dir='ltr'>statim</span> <span class='ocrx_word' id='word_1_106' title='bbox 1844 962 1938 990; x_wconf 91' lang='lat' dir='ltr'>sese</span> <span class='ocrx_word' id='word_1_107' title='bbox 1952 965 1990 991; x_wconf 73' lang='grc' dir='ltr'>κ)</span> 
     </span>
     <span class='ocr_line' id='line_1_12' title="bbox 243 1014 1939 1077; baseline -0.003 -11"><span class='ocrx_word' id='word_1_108' title='bbox 243 1024 478 1077; x_wconf 89' lang='lat' dir='ltr'>adcingere</span> <span class='ocrx_word' id='word_1_109' title='bbox 513 1026 557 1064; x_wconf 91' lang='lat' dir='ltr'>et</span> <span class='ocrx_word' id='word_1_110' title='bbox 594 1021 660 1063; x_wconf 90' lang='lat' dir='ltr'>ita</span> <span class='ocrx_word' id='word_1_111' title='bbox 695 1020 931 1062; x_wconf 86' lang='lat' dir='ltr'>ostendere</span> <span class='ocrx_word' id='word_1_112' title='bbox 965 1020 1089 1069; x_wconf 89' lang='lat' dir='ltr'>velit,</span> <span class='ocrx_word' id='word_1_113' title='bbox 1139 1025 1190 1062; x_wconf 92' lang='lat' dir='ltr'>ut</span> <span class='ocrx_word' id='word_1_114' title='bbox 1240 1020 1406 1075; x_wconf 80' lang='lat' dir='ltr'>Regiae</span> <span class='ocrx_word' id='word_1_115' title='bbox 1452 1014 1534 1061; x_wconf 46' lang='lat'>315⁵</span> <span class='ocrx_word' id='word_1_116' title='bbox 1568 1021 1658 1062; x_wconf 71' lang='lat' dir='ltr'>Vrae</span> <span class='ocrx_word' id='word_1_117' title='bbox 1705 1024 1750 1062; x_wconf 92' lang='lat' dir='ltr'>et</span> <span class='ocrx_word' id='word_1_118' title='bbox 1797 1019 1939 1061; x_wconf 91' lang='lat' dir='ltr'>totius</span> 
     </span>
     <span class='ocr_line' id='line_1_13' title="bbox 243 1090 1936 1147; baseline -0.003 -10"><span class='ocrx_word' id='word_1_119' title='bbox 243 1094 513 1137; x_wconf 82' lang='lat' dir='ltr'>christianae</span> <span class='ocrx_word' id='word_1_120' title='bbox 556 1092 831 1147; x_wconf 88' lang='lat' dir='ltr'>reipublicae</span> <span class='ocrx_word' id='word_1_121' title='bbox 875 1091 1164 1133; x_wconf 89' lang='lat' dir='ltr'>commodum</span> <span class='ocrx_word' id='word_1_122' title='bbox 1208 1091 1387 1132; x_wconf 88' lang='lat' dir='ltr'>vivifice</span> <span class='ocrx_word' id='word_1_123' title='bbox 1430 1105 1695 1146; x_wconf 82' lang='lat' dir='ltr'>cognoscere</span> <span class='ocrx_word' id='word_1_124' title='bbox 1739 1090 1936 1132; x_wconf 85' lang='lat' dir='ltr'>deberet.</span> 
     </span>
     <span class='ocr_line' id='line_1_14' title="bbox 244 1162 1941 1218; baseline -0.002 -11"><span class='ocrx_word' id='word_1_125' title='bbox 244 1167 304 1208; x_wconf 88' lang='lat' dir='ltr'>Et</span> <span class='ocrx_word' id='word_1_126' title='bbox 341 1170 455 1214; x_wconf 91' lang='lat' dir='ltr'>tum,</span> <span class='ocrx_word' id='word_1_127' title='bbox 494 1163 658 1218; x_wconf 92' lang='lat' dir='ltr'>inquit,</span> <span class='ocrx_word' id='word_1_128' title='bbox 696 1168 749 1204; x_wconf 91' lang='lat' dir='ltr'>tu</span> <span class='ocrx_word' id='word_1_129' title='bbox 785 1162 896 1203; x_wconf 89' lang='lat' dir='ltr'>mihi</span> <span class='ocrx_word' id='word_1_130' title='bbox 932 1167 1029 1204; x_wconf 93' lang='lat' dir='ltr'>tam</span> <span class='ocrx_word' id='word_1_131' title='bbox 1067 1167 1254 1217; x_wconf 87' lang='lat' dir='ltr'>optatus</span> <span class='ocrx_word' id='word_1_132' title='bbox 1290 1162 1479 1204; x_wconf 92' lang='lat' dir='ltr'>nuntius</span> <span class='ocrx_word' id='word_1_133' title='bbox 1515 1162 1684 1211; x_wconf 91' lang='lat' dir='ltr'>venias,</span> <span class='ocrx_word' id='word_1_134' title='bbox 1724 1166 1769 1203; x_wconf 91' lang='lat' dir='ltr'>et</span> <span class='ocrx_word' id='word_1_135' title='bbox 1806 1165 1941 1203; x_wconf 89' lang='lat' dir='ltr'>tanta</span> 
     </span>
     <span class='ocr_line' id='line_1_15' title="bbox 244 1233 1940 1289; baseline -0.003 -11"><span class='ocrx_word' id='word_1_136' title='bbox 244 1249 431 1278; x_wconf 87' lang='lat' dir='ltr'>munera</span> <span class='ocrx_word' id='word_1_137' title='bbox 446 1249 472 1277; x_wconf 90' lang='lat' dir='ltr'>a</span> <span class='ocrx_word' id='word_1_138' title='bbox 486 1248 557 1276; x_wconf 90' lang='lat' dir='ltr'>me</span> <span class='ocrx_word' id='word_1_139' title='bbox 573 1234 777 1289; x_wconf 87' lang='lat' dir='ltr'>accipies,</span> <span class='ocrx_word' id='word_1_140' title='bbox 794 1238 845 1275; x_wconf 91' lang='lat' dir='ltr'>ut</span> <span class='ocrx_word' id='word_1_141' title='bbox 866 1247 944 1275; x_wconf 73' lang='lat' dir='ltr'>rex</span> <span class='ocrx_word' id='word_1_142' title='bbox 967 1238 1074 1275; x_wconf 91' lang='lat' dir='ltr'>tuus</span> <span class='ocrx_word' id='word_1_143' title='bbox 1095 1247 1148 1275; x_wconf 91' lang='lat' dir='ltr'>ea</span> <span class='ocrx_word' id='word_1_144' title='bbox 1167 1233 1413 1275; x_wconf 86' lang='lat' dir='ltr'>miraturus</span> <span class='ocrx_word' id='word_1_145' title='bbox 1434 1233 1507 1282; x_wconf 88' lang='lat' dir='ltr'>sit,</span> <span class='ocrx_word' id='word_1_146' title='bbox 1531 1246 1811 1287; x_wconf 80' lang='lat' dir='ltr'>quamquam</span> <span class='ocrx_word' id='word_1_147' title='bbox 1832 1245 1940 1274; x_wconf 92' lang='lat' dir='ltr'>vero</span> 
     </span>
     <span class='ocr_line' id='line_1_16' title="bbox 245 1303 1993 1359; baseline -0.002 -10"><span class='ocrx_word' id='word_1_148' title='bbox 245 1307 423 1356; x_wconf 87' lang='lat' dir='ltr'>adiecit,</span> <span class='ocrx_word' id='word_1_149' title='bbox 449 1306 485 1348; x_wconf 92' lang='lat' dir='ltr'>si</span> <span class='ocrx_word' id='word_1_150' title='bbox 509 1319 681 1347; x_wconf 89' lang='lat' dir='ltr'>vacuus</span> <span class='ocrx_word' id='word_1_151' title='bbox 705 1305 763 1346; x_wconf 90' lang='lat' dir='ltr'>ad</span> <span class='ocrx_word' id='word_1_152' title='bbox 787 1304 935 1359; x_wconf 91' lang='lat' dir='ltr'>ipsum</span> <span class='ocrx_word' id='word_1_153' title='bbox 959 1305 1185 1346; x_wconf 90' lang='lat' dir='ltr'>venierem</span> <span class='ocrx_word' id='word_1_154' title='bbox 1211 1308 1290 1346; x_wconf 91' lang='lat' dir='ltr'>aut</span> <span class='ocrx_word' id='word_1_155' title='bbox 1315 1318 1417 1345; x_wconf 92' lang='lat' dir='ltr'>eum</span> <span class='ocrx_word' id='word_1_156' title='bbox 1442 1304 1693 1359; x_wconf 89' lang='lat' dir='ltr'>deciperem</span> <span class='ocrx_word' id='word_1_157' title='bbox 1717 1303 1908 1345; x_wconf 90' lang='lat' dir='ltr'>dicendo</span> <span class='ocrx_word' id='word_1_158' title='bbox 1929 1315 1993 1345; x_wconf 82' lang='lat'>:15</span> 
     </span>
     <span class='ocr_line' id='line_1_17' title="bbox 247 1375 1939 1434; baseline -0.002 -14"><span class='ocrx_word' id='word_1_159' title='bbox 247 1379 435 1434; x_wconf 80' lang='lat' dir='ltr'>Regiam</span> <span class='ocrx_word' id='word_1_160' title='bbox 463 1375 566 1419; x_wconf 69' lang='lat' dir='ltr'>Mtem</span> <span class='ocrx_word' id='word_1_161' title='bbox 597 1376 701 1417; x_wconf 57' lang='lat' dir='ltr'>V‘am</span> <span class='ocrx_word' id='word_1_162' title='bbox 734 1375 900 1424; x_wconf 88' lang='lat' dir='ltr'>venire,</span> <span class='ocrx_word' id='word_1_163' title='bbox 932 1376 1056 1430; x_wconf 91' lang='lat' dir='ltr'>quod</span> <span class='ocrx_word' id='word_1_164' title='bbox 1083 1389 1174 1416; x_wconf 92' lang='lat' dir='ltr'>non</span> <span class='ocrx_word' id='word_1_165' title='bbox 1208 1376 1335 1417; x_wconf 86' lang='lat' dir='ltr'>fieret</span> <span class='ocrx_word' id='word_1_166' title='bbox 1376 1380 1473 1416; x_wconf 89' lang='lat' dir='ltr'>tarn</span> <span class='ocrx_word' id='word_1_167' title='bbox 1513 1389 1585 1416; x_wconf 92' lang='lat' dir='ltr'>me</span> <span class='ocrx_word' id='word_1_168' title='bbox 1625 1380 1670 1416; x_wconf 92' lang='lat' dir='ltr'>et</span> <span class='ocrx_word' id='word_1_169' title='bbox 1711 1378 1939 1430; x_wconf 77' lang='lat' dir='ltr'>quotquot</span> 
     </span>
     <span class='ocr_line' id='line_1_18' title="bbox 247 1446 1451 1502; baseline -0.004 -10"><span class='ocrx_word' id='word_1_170' title='bbox 247 1450 495 1492; x_wconf 88' lang='lat' dir='ltr'>Germanos</span> <span class='ocrx_word' id='word_1_171' title='bbox 521 1447 919 1502; x_wconf 88' lang='lat' dir='ltr'>comprehenderet</span> <span class='ocrx_word' id='word_1_172' title='bbox 946 1451 1092 1488; x_wconf 88' lang='lat' dir='ltr'>morte</span> <span class='ocrx_word' id='word_1_173' title='bbox 1117 1446 1276 1501; x_wconf 90' lang='lat' dir='ltr'>punire</span> <span class='ocrx_word' id='word_1_174' title='bbox 1301 1446 1451 1488; x_wconf 90' lang='lat' dir='ltr'>vellet.</span> 
     </span>
    </p>

    <p class='ocr_par' dir='ltr' id='par_1_3' title="bbox 246 1515 2004 2128">
     <span class='ocr_line' id='line_1_19' title="bbox 390 1515 1941 1572; baseline -0.002 -12"><span class='ocrx_word' id='word_1_175' title='bbox 390 1520 443 1561; x_wconf 87' lang='lat' dir='ltr'>In</span> <span class='ocrx_word' id='word_1_176' title='bbox 491 1532 669 1560; x_wconf 90' lang='lat' dir='ltr'>summa</span> <span class='ocrx_word' id='word_1_177' title='bbox 712 1518 838 1559; x_wconf 77' lang='lat' dir='ltr'>Serme</span> <span class='ocrx_word' id='word_1_178' title='bbox 888 1518 1001 1566; x_wconf 79' lang='lat' dir='ltr'>Rex,</span> <span class='ocrx_word' id='word_1_179' title='bbox 1049 1517 1247 1572; x_wconf 88' lang='lat' dir='ltr'>persensi</span> <span class='ocrx_word' id='word_1_180' title='bbox 1294 1517 1459 1558; x_wconf 89' lang='lat' dir='ltr'>mirum</span> <span class='ocrx_word' id='word_1_181' title='bbox 1495 1517 1701 1558; x_wconf 91' lang='lat' dir='ltr'>ardorem</span> <span class='ocrx_word' id='word_1_182' title='bbox 1737 1520 1782 1558; x_wconf 91' lang='lat' dir='ltr'>et</span> <span class='ocrx_word' id='word_1_183' title='bbox 1818 1515 1941 1570; x_wconf 92' lang='lat' dir='ltr'>cupi-</span> 
     </span>
     <span class='ocr_line' id='line_1_20' title="bbox 247 1586 1939 1637; baseline -0.003 -5"><span class='ocrx_word' id='word_1_184' title='bbox 247 1591 439 1632; x_wconf 90' lang='lat' dir='ltr'>ditatem</span> <span class='ocrx_word' id='word_1_185' title='bbox 464 1590 508 1631; x_wconf 92' lang='lat' dir='ltr'>in</span> <span class='ocrx_word' id='word_1_186' title='bbox 532 1591 617 1631; x_wconf 90' lang='lat' dir='ltr'>hoc</span> <span class='ocrx_word' id='word_1_187' title='bbox 641 1589 823 1630; x_wconf 90' lang='lat' dir='ltr'>homine</span> <span class='ocrx_word' id='word_1_188' title='bbox 847 1593 892 1630; x_wconf 93' lang='lat' dir='ltr'>et</span> <span class='ocrx_word' id='word_1_189' title='bbox 917 1594 1019 1630; x_wconf 91' lang='lat' dir='ltr'>tota</span> <span class='ocrx_word' id='word_1_190' title='bbox 1042 1588 1289 1637; x_wconf 60' lang='lat' dir='ltr'>XValachia,</span> <span class='ocrx_word' id='word_1_191' title='bbox 1316 1588 1454 1629; x_wconf 89' lang='lat' dir='ltr'>immo</span> <span class='ocrx_word' id='word_1_192' title='bbox 1478 1588 1616 1629; x_wconf 91' lang='lat' dir='ltr'>etiam</span> <span class='ocrx_word' id='word_1_193' title='bbox 1638 1587 1806 1636; x_wconf 84' lang='lat' dir='ltr'>Servia,</span> <span class='ocrx_word' id='word_1_194' title='bbox 1832 1586 1939 1627; x_wconf 84' lang='lat' dir='ltr'>Bul-</span> 
     </span>
     <span class='ocr_line' id='line_1_21' title="bbox 246 1659 1992 1717; baseline -0.002 -14"><span class='ocrx_word' id='word_1_195' title='bbox 246 1662 370 1717; x_wconf 88' lang='lat' dir='ltr'>garia</span> <span class='ocrx_word' id='word_1_196' title='bbox 388 1666 432 1703; x_wconf 93' lang='lat' dir='ltr'>et</span> <span class='ocrx_word' id='word_1_197' title='bbox 451 1661 604 1703; x_wconf 84' lang='lat' dir='ltr'>Bosna</span> <span class='ocrx_word' id='word_1_198' title='bbox 622 1673 729 1709; x_wconf 92' lang='lat' dir='ltr'>esse,</span> <span class='ocrx_word' id='word_1_199' title='bbox 750 1664 801 1701; x_wconf 92' lang='lat' dir='ltr'>ut</span> <span class='ocrx_word' id='word_1_200' title='bbox 821 1673 847 1701; x_wconf 92' lang='lat' dir='ltr'>a</span> <span class='ocrx_word' id='word_1_201' title='bbox 866 1660 1074 1701; x_wconf 77' lang='lat' dir='ltr'>faucibus</span> <span class='ocrx_word' id='word_1_202' title='bbox 1092 1659 1500 1701; x_wconf 82' lang='lat' dir='ltr'>crudelissimorum</span> <span class='ocrx_word' id='word_1_203' title='bbox 1518 1659 1767 1700; x_wconf 89' lang='lat' dir='ltr'>Turcarum</span> <span class='ocrx_word' id='word_1_204' title='bbox 1785 1662 1940 1712; x_wconf 88' lang='lat' dir='ltr'>tyran·</span> <span class='ocrx_word' id='word_1_205' title='bbox 1953 1674 1992 1700; x_wconf 83' lang='lat'>20</span> 
     </span>
     <span class='ocr_line' id='line_1_22' title="bbox 248 1728 1942 1785; baseline -0.004 -11"><span class='ocrx_word' id='word_1_206' title='bbox 248 1733 365 1774; x_wconf 89' lang='lat' dir='ltr'>nidis</span> <span class='ocrx_word' id='word_1_207' title='bbox 388 1733 647 1774; x_wconf 87' lang='lat' dir='ltr'>liberentur.</span> <span class='ocrx_word' id='word_1_208' title='bbox 667 1731 790 1772; x_wconf 90' lang='lat' dir='ltr'>Nihil</span> <span class='ocrx_word' id='word_1_209' title='bbox 804 1730 923 1772; x_wconf 91' lang='lat' dir='ltr'>enim</span> <span class='ocrx_word' id='word_1_210' title='bbox 947 1730 1070 1772; x_wconf 86' lang='lat' dir='ltr'>aliud</span> <span class='ocrx_word' id='word_1_211' title='bbox 1093 1730 1215 1785; x_wconf 88' lang='lat' dir='ltr'>apud</span> <span class='ocrx_word' id='word_1_212' title='bbox 1238 1744 1312 1772; x_wconf 94' lang='lat' dir='ltr'>eos</span> <span class='ocrx_word' id='word_1_213' title='bbox 1334 1730 1530 1779; x_wconf 88' lang='lat' dir='ltr'>auditur,</span> <span class='ocrx_word' id='word_1_214' title='bbox 1556 1743 1694 1784; x_wconf 89' lang='lat' dir='ltr'>quam</span> <span class='ocrx_word' id='word_1_215' title='bbox 1716 1728 1942 1770; x_wconf 84' lang='lat' dir='ltr'>maximae</span> 
     </span>
     <span class='ocr_line' id='line_1_23' title="bbox 248 1799 1942 1858; baseline -0.003 -13"><span class='ocrx_word' id='word_1_216' title='bbox 248 1803 554 1858; x_wconf 90' lang='lat' dir='ltr'>querimoniae</span> <span class='ocrx_word' id='word_1_217' title='bbox 595 1803 651 1844; x_wconf 91' lang='lat' dir='ltr'>de</span> <span class='ocrx_word' id='word_1_218' title='bbox 681 1801 915 1856; x_wconf 90' lang='lat' dir='ltr'>angustiis,</span> <span class='ocrx_word' id='word_1_219' title='bbox 946 1801 1318 1843; x_wconf 87' lang='lat' dir='ltr'>tribulationibus</span> <span class='ocrx_word' id='word_1_220' title='bbox 1347 1806 1391 1842; x_wconf 93' lang='lat' dir='ltr'>et</span> <span class='ocrx_word' id='word_1_221' title='bbox 1422 1800 1749 1841; x_wconf 87' lang='lat' dir='ltr'>immanissima</span> <span class='ocrx_word' id='word_1_222' title='bbox 1777 1799 1942 1840; x_wconf 87' lang='lat' dir='ltr'>Turca-</span> 
     </span>
     <span class='ocr_line' id='line_1_24' title="bbox 247 1866 1941 1930; baseline -0.003 -14"><span class='ocrx_word' id='word_1_223' title='bbox 247 1889 347 1916; x_wconf 92' lang='lat' dir='ltr'>rum</span> <span class='ocrx_word' id='word_1_224' title='bbox 381 1873 638 1930; x_wconf 80' lang='lat' dir='ltr'>tyrannide,</span> <span class='ocrx_word' id='word_1_225' title='bbox 674 1873 863 1928; x_wconf 86' lang='lat' dir='ltr'>proinde</span> <span class='ocrx_word' id='word_1_226' title='bbox 896 1872 1097 1914; x_wconf 92' lang='lat' dir='ltr'>venienti</span> <span class='ocrx_word' id='word_1_227' title='bbox 1144 1872 1310 1927; x_wconf 88' lang='lat' dir='ltr'>Regiae</span> <span class='ocrx_word' id='word_1_228' title='bbox 1355 1866 1422 1913; x_wconf 77' lang='lat' dir='ltr'>Mti</span> <span class='ocrx_word' id='word_1_229' title='bbox 1468 1872 1557 1913; x_wconf 76' lang='lat' dir='ltr'>Vrae</span> <span class='ocrx_word' id='word_1_230' title='bbox 1591 1871 1738 1912; x_wconf 89' lang='lat' dir='ltr'>iurare</span> <span class='ocrx_word' id='word_1_231' title='bbox 1783 1869 1941 1918; x_wconf 89' lang='lat' dir='ltr'>ausim,</span> 
     </span>
     <span class='ocr_line' id='line_1_25' title="bbox 249 1941 1944 1998; baseline -0.004 -11"><span class='ocrx_word' id='word_1_232' title='bbox 249 1959 403 1987; x_wconf 87' lang='lat' dir='ltr'>omnes</span> <span class='ocrx_word' id='word_1_233' title='bbox 445 1944 654 1987; x_wconf 85' lang='lat' dir='ltr'>certatim</span> <span class='ocrx_word' id='word_1_234' title='bbox 697 1949 741 1986; x_wconf 91' lang='lat' dir='ltr'>et</span> <span class='ocrx_word' id='word_1_235' title='bbox 785 1943 944 1992; x_wconf 86' lang='lat' dir='ltr'>obviis,</span> <span class='ocrx_word' id='word_1_236' title='bbox 988 1943 1111 1998; x_wconf 93' lang='lat' dir='ltr'>quod</span> <span class='ocrx_word' id='word_1_237' title='bbox 1154 1943 1296 1992; x_wconf 91' lang='lat' dir='ltr'>aiunt,</span> <span class='ocrx_word' id='word_1_238' title='bbox 1340 1942 1457 1984; x_wconf 88' lang='lat' dir='ltr'>ulnis</span> <span class='ocrx_word' id='word_1_239' title='bbox 1499 1955 1771 1984; x_wconf 88' lang='lat' dir='ltr'>occursuros.</span> <span class='ocrx_word' id='word_1_240' title='bbox 1819 1941 1944 1982; x_wconf 91' lang='lat' dir='ltr'>Haec</span> 
     </span>
     <span class='ocr_line' id='line_1_26' title="bbox 250 2009 2004 2071; baseline -0.003 -14"><span class='ocrx_word' id='word_1_241' title='bbox 250 2016 415 2071; x_wconf 88' lang='lat' dir='ltr'>Regiae</span> <span class='ocrx_word' id='word_1_242' title='bbox 442 2009 508 2057; x_wconf 88' lang='lat' dir='ltr'>Mti</span> <span class='ocrx_word' id='word_1_243' title='bbox 535 2016 624 2058; x_wconf 69' lang='lat' dir='ltr'>Vrae</span> <span class='ocrx_word' id='word_1_244' title='bbox 650 2015 885 2057; x_wconf 75' lang='lat' dir='ltr'>referenda</span> <span class='ocrx_word' id='word_1_245' title='bbox 922 2014 1076 2064; x_wconf 90' lang='lat' dir='ltr'>habui,</span> <span class='ocrx_word' id='word_1_246' title='bbox 1117 2014 1188 2056; x_wconf 91' lang='lat' dir='ltr'>cui</span> <span class='ocrx_word' id='word_1_247' title='bbox 1225 2028 1297 2055; x_wconf 92' lang='lat' dir='ltr'>me</span> <span class='ocrx_word' id='word_1_248' title='bbox 1334 2013 1584 2055; x_wconf 90' lang='lat' dir='ltr'>humillime</span> <span class='ocrx_word' id='word_1_249' title='bbox 1610 2017 1654 2054; x_wconf 93' lang='lat' dir='ltr'>et</span> <span class='ocrx_word' id='word_1_250' title='bbox 1682 2011 1945 2066; x_wconf 85' lang='lat' dir='ltr'>obsequiose</span> <span class='ocrx_word' id='word_1_251' title='bbox 1963 2028 2004 2053; x_wconf 73' lang='lat'>25</span> 
     </span>
     <span class='ocr_line' id='line_1_27' title="bbox 251 2087 530 2128; baseline 0 0"><span class='ocrx_word' id='word_1_252' title='bbox 251 2087 530 2128; x_wconf 89' lang='lat' dir='ltr'>commendo.</span> 
     </span>
    </p>
   </div>
   <div class='ocr_carea' id='block_1_3' title="bbox 395 2149 1041 2211">
    <p class='ocr_par' dir='ltr' id='par_1_4' title="bbox 395 2149 1041 2211">
     <span class='ocr_line' id='line_1_28' title="bbox 395 2149 1041 2211; baseline -0.005 -12"><span class='ocrx_word' id='word_1_253' title='bbox 395 2158 601 2199; x_wconf 88' lang='lat' dir='ltr'>Eandem</span> <span class='ocrx_word' id='word_1_254' title='bbox 637 2157 804 2211; x_wconf 89' lang='lat' dir='ltr'>Regiae</span> <span class='ocrx_word' id='word_1_255' title='bbox 837 2149 918 2197; x_wconf 71' lang='lat' dir='ltr'>Mtis</span> <span class='ocrx_word' id='word_1_256' title='bbox 951 2156 1041 2197; x_wconf 61' lang='lat' dir='ltr'>Vrae</span> 
     </span>
    </p>
   </div>
   <div class='ocr_carea' id='block_1_4' title="bbox 847 2239 1349 2280">
    <p class='ocr_par' dir='ltr' id='par_1_5' title="bbox 847 2239 1349 2280">
     <span class='ocr_line' id='line_1_29' title="bbox 847 2239 1349 2280; baseline 0 0"><span class='ocrx_word' id='word_1_257' title='bbox 847 2239 1128 2280; x_wconf 90' lang='lat' dir='ltr'>humillimus</span> <span class='ocrx_word' id='word_1_258' title='bbox 1157 2239 1349 2280; x_wconf 83' lang='lat' dir='ltr'>servitor</span> 
     </span>
    </p>
   </div>
   <div class='ocr_carea' id='block_1_5' title="bbox 1226 2332 1944 2389">
    <p class='ocr_par' dir='ltr' id='par_1_6' title="bbox 1226 2332 1944 2389">
     <span class='ocr_line' id='line_1_30' title="bbox 1226 2332 1944 2389; baseline -0.006 -14"><span class='ocrx_word' id='word_1_259' title='bbox 1226 2333 1485 2389; x_wconf 83' lang='lat' dir='ltr'>Stephanus</span> <span class='ocrx_word' id='word_1_260' title='bbox 1511 2332 1806 2387; x_wconf 85' lang='lat' dir='ltr'>Clyntschytz</span> <span class='ocrx_word' id='word_1_261' title='bbox 1831 2344 1944 2385; x_wconf 86' lang='lat' dir='ltr'>mpr.</span> 
     </span>
    </p>
   </div>
   <div class='ocr_carea' id='block_1_6' title="bbox 253 2438 2003 2986">
    <p class='ocr_par' dir='ltr' id='par_1_7' title="bbox 253 2438 2003 2986">
     <span class='ocr_line' id='line_1_31' title="bbox 397 2438 2001 2496; baseline -0.002 -14"><span class='ocrx_word' id='word_1_262' title='bbox 397 2441 537 2496; x_wconf 89' lang='lat' dir='ltr'>Regia</span> <span class='ocrx_word' id='word_1_263' title='bbox 564 2441 778 2484; x_wconf 86' lang='lat' dir='ltr'>Maiestas</span> <span class='ocrx_word' id='word_1_264' title='bbox 803 2443 876 2483; x_wconf 74' lang='lat' dir='ltr'>Vra</span> <span class='ocrx_word' id='word_1_265' title='bbox 914 2442 1028 2484; x_wconf 89' lang='lat' dir='ltr'>bene</span> <span class='ocrx_word' id='word_1_266' title='bbox 1054 2441 1305 2496; x_wconf 87' lang='lat' dir='ltr'>perpendat</span> <span class='ocrx_word' id='word_1_267' title='bbox 1345 2440 1548 2482; x_wconf 88' lang='lat' dir='ltr'>animum</span> <span class='ocrx_word' id='word_1_268' title='bbox 1575 2444 1620 2481; x_wconf 91' lang='lat' dir='ltr'>et</span> <span class='ocrx_word' id='word_1_269' title='bbox 1647 2438 1947 2481; x_wconf 91' lang='lat' dir='ltr'>intentionem</span> <span class='ocrx_word' id='word_1_270' title='bbox 1961 2452 2001 2478; x_wconf 82' lang='lat'>30·</span> 
     </span>
     <span class='ocr_line' id='line_1_32' title="bbox 253 2509 1948 2567; baseline -0.001 -16"><span class='ocrx_word' id='word_1_271' title='bbox 253 2511 382 2552; x_wconf 90' lang='lat' dir='ltr'>istius</span> <span class='ocrx_word' id='word_1_272' title='bbox 403 2512 650 2561; x_wconf 85' lang='lat' dir='ltr'>waivodae,</span> <span class='ocrx_word' id='word_1_273' title='bbox 674 2513 797 2567; x_wconf 93' lang='lat' dir='ltr'>quod</span> <span class='ocrx_word' id='word_1_274' title='bbox 819 2513 974 2555; x_wconf 88' lang='lat' dir='ltr'>audivi</span> <span class='ocrx_word' id='word_1_275' title='bbox 996 2526 1023 2554; x_wconf 91' lang='lat' dir='ltr'>a</span> <span class='ocrx_word' id='word_1_276' title='bbox 1042 2512 1271 2554; x_wconf 90' lang='lat' dir='ltr'>nonnullis</span> <span class='ocrx_word' id='word_1_277' title='bbox 1290 2512 1379 2553; x_wconf 89' lang='lat' dir='ltr'>fide</span> <span class='ocrx_word' id='word_1_278' title='bbox 1401 2511 1547 2566; x_wconf 90' lang='lat' dir='ltr'>dignis</span> <span class='ocrx_word' id='word_1_279' title='bbox 1568 2515 1613 2552; x_wconf 92' lang='lat' dir='ltr'>et</span> <span class='ocrx_word' id='word_1_280' title='bbox 1634 2509 1835 2551; x_wconf 83' lang='lat' dir='ltr'>honestis</span> <span class='ocrx_word' id='word_1_281' title='bbox 1856 2522 1948 2550; x_wconf 92' lang='lat' dir='ltr'>non</span> 
     </span>
     <span class='ocr_line' id='line_1_33' title="bbox 253 2577 1946 2638; baseline -0.001 -16"><span class='ocrx_word' id='word_1_282' title='bbox 253 2581 450 2623; x_wconf 91' lang='lat' dir='ltr'>minimis</span> <span class='ocrx_word' id='word_1_283' title='bbox 470 2583 685 2637; x_wconf 90' lang='lat' dir='ltr'>personis,</span> <span class='ocrx_word' id='word_1_284' title='bbox 710 2583 877 2638; x_wconf 87' lang='lat' dir='ltr'>Regiae</span> <span class='ocrx_word' id='word_1_285' title='bbox 897 2577 966 2625; x_wconf 68' lang='lat' dir='ltr'>Mti</span> <span class='ocrx_word' id='word_1_286' title='bbox 988 2584 1078 2625; x_wconf 72' lang='lat' dir='ltr'>Vme</span> <span class='ocrx_word' id='word_1_287' title='bbox 1098 2583 1246 2624; x_wconf 89' lang='lat' dir='ltr'>multa</span> <span class='ocrx_word' id='word_1_288' title='bbox 1260 2582 1522 2624; x_wconf 86' lang='lat' dir='ltr'>faventibus</span> <span class='ocrx_word' id='word_1_289' title='bbox 1536 2581 1582 2622; x_wconf 90' lang='lat' dir='ltr'>in</span> <span class='ocrx_word' id='word_1_290' title='bbox 1596 2579 1946 2628; x_wconf 87' lang='lat' dir='ltr'>Transsilvania,</span> 
     </span>
     <span class='ocr_line' id='line_1_34' title="bbox 254 2651 1946 2707; baseline -0.001 -15"><span class='ocrx_word' id='word_1_291' title='bbox 254 2651 392 2693; x_wconf 87' lang='lat' dir='ltr'>istum</span> <span class='ocrx_word' id='word_1_292' title='bbox 417 2653 672 2694; x_wconf 85' lang='lat' dir='ltr'>waivodarn</span> <span class='ocrx_word' id='word_1_293' title='bbox 698 2654 863 2696; x_wconf 89' lang='lat' dir='ltr'>habere</span> <span class='ocrx_word' id='word_1_294' title='bbox 889 2654 1091 2696; x_wconf 87' lang='lat' dir='ltr'>animum</span> <span class='ocrx_word' id='word_1_295' title='bbox 1116 2654 1360 2703; x_wconf 89' lang='lat' dir='ltr'>labentem,</span> <span class='ocrx_word' id='word_1_296' title='bbox 1388 2653 1459 2694; x_wconf 90' lang='lat' dir='ltr'>cui</span> <span class='ocrx_word' id='word_1_297' title='bbox 1484 2666 1631 2707; x_wconf 91' lang='lat' dir='ltr'>pauca</span> <span class='ocrx_word' id='word_1_298' title='bbox 1653 2651 1764 2693; x_wconf 89' lang='lat' dir='ltr'>fides</span> <span class='ocrx_word' id='word_1_299' title='bbox 1793 2651 1946 2704; x_wconf 91' lang='lat' dir='ltr'>(quarn</span> 
     </span>
     <span class='ocr_line' id='line_1_35' title="bbox 254 2719 1947 2777; baseline -0.001 -15"><span class='ocrx_word' id='word_1_300' title='bbox 254 2722 323 2763; x_wconf 91' lang='lat' dir='ltr'>vis</span> <span class='ocrx_word' id='word_1_301' title='bbox 355 2723 486 2777; x_wconf 91' lang='lat' dir='ltr'>nitet)</span> <span class='ocrx_word' id='word_1_302' title='bbox 525 2724 782 2766; x_wconf 88' lang='lat' dir='ltr'>adhibenda</span> <span class='ocrx_word' id='word_1_303' title='bbox 815 2725 887 2766; x_wconf 85' lang='lat' dir='ltr'>sit.</span> <span class='ocrx_word' id='word_1_304' title='bbox 923 2725 1077 2766; x_wconf 92' lang='lat' dir='ltr'>Habet</span> <span class='ocrx_word' id='word_1_305' title='bbox 1111 2724 1250 2766; x_wconf 89' lang='lat' dir='ltr'>etiam</span> <span class='ocrx_word' id='word_1_306' title='bbox 1282 2724 1425 2765; x_wconf 90' lang='lat' dir='ltr'>filium</span> <span class='ocrx_word' id='word_1_307' title='bbox 1457 2737 1600 2764; x_wconf 90' lang='lat' dir='ltr'>unum</span> <span class='ocrx_word' id='word_1_308' title='bbox 1633 2735 1660 2763; x_wconf 92' lang='lat' dir='ltr'>a</span> <span class='ocrx_word' id='word_1_309' title='bbox 1691 2722 1830 2762; x_wconf 88' lang='lat' dir='ltr'>latere</span> <span class='ocrx_word' id='word_1_310' title='bbox 1862 2719 1947 2760; x_wconf 90' lang='lat' dir='ltr'>sibi</span> 
     </span>
     <span class='ocr_line' id='line_1_36' title="bbox 254 2791 2003 2848; baseline -0.001 -16"><span class='ocrx_word' id='word_1_311' title='bbox 254 2797 429 2842; x_wconf 89' lang='lat' dir='ltr'>natum,</span> <span class='ocrx_word' id='word_1_312' title='bbox 462 2793 539 2848; x_wconf 88' lang='lat' dir='ltr'>qui</span> <span class='ocrx_word' id='word_1_313' title='bbox 568 2808 688 2835; x_wconf 91' lang='lat' dir='ltr'>nunc</span> <span class='ocrx_word' id='word_1_314' title='bbox 719 2795 905 2836; x_wconf 91' lang='lat' dir='ltr'>inservit</span> <span class='ocrx_word' id='word_1_315' title='bbox 936 2800 980 2837; x_wconf 92' lang='lat' dir='ltr'>et</span> <span class='ocrx_word' id='word_1_316' title='bbox 1010 2795 1212 2837; x_wconf 88' lang='lat' dir='ltr'>nutritur</span> <span class='ocrx_word' id='word_1_317' title='bbox 1240 2794 1286 2835; x_wconf 92' lang='lat' dir='ltr'>in</span> <span class='ocrx_word' id='word_1_318' title='bbox 1317 2794 1440 2835; x_wconf 92' lang='lat' dir='ltr'>curia</span> <span class='ocrx_word' id='word_1_319' title='bbox 1470 2792 1669 2835; x_wconf 88' lang='lat' dir='ltr'>Caesaris</span> <span class='ocrx_word' id='word_1_320' title='bbox 1698 2791 1946 2832; x_wconf 91' lang='lat' dir='ltr'>Turcarum</span> <span class='ocrx_word' id='word_1_321' title='bbox 1961 2804 2003 2830; x_wconf 78' lang='lat'>35</span> 
     </span>
     <span class='ocr_line' id='line_1_37' title="bbox 257 2861 1946 2921; baseline -0.001 -19"><span class='ocrx_word' id='word_1_322' title='bbox 257 2867 300 2903; x_wconf 85' lang='lat' dir='ltr'>et</span> <span class='ocrx_word' id='word_1_323' title='bbox 333 2863 404 2904; x_wconf 87' lang='lat' dir='ltr'>ille</span> <span class='ocrx_word' id='word_1_324' title='bbox 435 2864 618 2905; x_wconf 91' lang='lat' dir='ltr'>deberet</span> <span class='ocrx_word' id='word_1_325' title='bbox 651 2865 842 2915; x_wconf 88' lang='lat' dir='ltr'>succedi,</span> <span class='ocrx_word' id='word_1_326' title='bbox 875 2870 980 2921; x_wconf 89' lang='lat' dir='ltr'>post</span> <span class='ocrx_word' id='word_1_327' title='bbox 1012 2870 1206 2907; x_wconf 91' lang='lat' dir='ltr'>mortem</span> <span class='ocrx_word' id='word_1_328' title='bbox 1238 2864 1380 2919; x_wconf 82' lang='lat' dir='ltr'>patris</span> <span class='ocrx_word' id='word_1_329' title='bbox 1400 2864 1445 2905; x_wconf 90' lang='lat' dir='ltr'>in</span> <span class='ocrx_word' id='word_1_330' title='bbox 1467 2862 1718 2905; x_wconf 86' lang='lat' dir='ltr'>dominium</span> <span class='ocrx_word' id='word_1_331' title='bbox 1738 2861 1946 2902; x_wconf 88' lang='lat' dir='ltr'>Transal-</span> 
     </span>
     <span class='ocr_line' id='line_1_38' title="bbox 257 2932 837 2986; baseline 0.009 -14"><span class='ocrx_word' id='word_1_332' title='bbox 257 2932 440 2986; x_wconf 90' lang='lat' dir='ltr'>pinense</span> <span class='ocrx_word' id='word_1_333' title='bbox 468 2934 540 2975; x_wconf 89' lang='lat' dir='ltr'>vel</span> <span class='ocrx_word' id='word_1_334' title='bbox 566 2934 837 2977; x_wconf 82' lang='lat' dir='ltr'>VValachiae.</span> 
     </span>
    </p>
   </div>
   <div class='ocr_carea' id='block_1_7' title="bbox 549 3036 1652 3086">
    <p class='ocr_par' dir='ltr' id='par_1_8' title="bbox 549 3036 1652 3086">
     <span class='ocr_line' id='line_1_39' title="bbox 549 3036 1652 3086; baseline -0.005 -12"><span class='ocrx_word' id='word_1_335' title='bbox 549 3039 880 3086; x_wconf 88' lang='lat' dir='ltr'>(Autographum.</span> <span class='ocrx_word' id='word_1_336' title='bbox 912 3040 1201 3079; x_wconf 82' lang='lat' dir='ltr'>Staatsarchiv‚</span> <span class='ocrx_word' id='word_1_337' title='bbox 1235 3039 1361 3072; x_wconf 74' lang='lat' dir='ltr'>VVien.</span> <span class='ocrx_word' id='word_1_338' title='bbox 1395 3036 1652 3081; x_wconf 85' lang='lat' dir='ltr'>Hungarica.)</span> 
     </span>
    </p>
   </div>
  </div>
 </body>
</html>
