2209 3643
247 197 350 232 Nov.
377 192 487 246 1527]
1012 198 1086 233 No.
1113 209 1180 245 115
1878 207 1946 242 153

1049 350 1147 390 115.

729 456 902 508 [Wiem
922 458 1007 509 sine
1026 459 1280 501 Novembris
1301 470 1426 513 1527.
1436 456 1457 508 ]

350 548 592 599 Stephanus
623 547 901 599 Clyntschytz
927 550 1092 599 legatus
1124 549 1391 588 Ferdinando
1424 550 1454 588 I.
1489 550 1572 600 regi
1606 550 1861 600 Hungariae.

390 647 558 689 Relatio
579 648 629 688 de
650 647 858 702 legatione
879 662 959 689 sua
984 649 1030 690 in
1059 649 1315 690 Is’alaclzz‘am
1335 649 1466 700 facta.

210 773 228 798 5
390 754 515 796 Serme
547 767 599 795 ac
629 754 944 809 potentissime
978 756 1088 797 Rex.
1124 756 1316 798 Domine
1348 755 1717 798 Clementissime.

393 825 698 880 Posteaquam
736 826 878 880 Regia
912 826 1125 868 Maiestas
1160 827 1230 868 Vra
1268 840 1338 868 me
1385 831 1608 881 tanquam
1653 828 1866 870 nuntium
1902 832 1947 870 et

246 895 603 937 commissarium
630 909 762 938 suum
794 896 853 938 ad
892 897 1019 938 Ill¹¹¹¹¹¹¹¹
1048 898 1295 953 principem
1334 897 1569 939 dominum
1610 898 1761 940 Radul
1798 899 1946 941 Wala-

246 966 372 1008 chiae
412 967 668 1008 waivodam
722 968 985 1018 destinavit,
1030 983 1109 1023 per
1148 969 1282 1023 longa
1323 973 1581 1024 temporum
1635 969 1797 1024 spatia,
1841 971 1945 1012 licet

245 1037 447 1079 maxima
469 1038 754 1088 difficultate,
779 1044 823 1081 et
848 1053 927 1094 per
949 1045 1094 1081 certas
1117 1040 1310 1081 astutias
1331 1054 1483 1081 coram
1507 1039 1603 1095 ipso
1626 1040 1720 1082 solo
1742 1046 1787 1083 et
1814 1042 1944 1091 clam,

188 1129 225 1155 10
245 1122 300 1149 ne
323 1108 557 1151 waivodae
581 1113 626 1150 et
650 1109 822 1152 Turcae
846 1111 995 1152 nuntii
1019 1117 1063 1152 et
1089 1112 1410 1166 exploratores,
1436 1111 1515 1166 qui
1538 1112 1799 1165 frequentes
1822 1112 1946 1168 apud

244 1193 348 1221 eum
380 1193 556 1235 semper
600 1180 723 1222 istud
755 1182 1145 1236 persentiscerent,
1180 1182 1224 1223 in
1258 1182 1425 1237 oppido
1457 1195 1539 1224 suo
1570 1183 1944 1237 Tergowischtze,

243 1255 420 1306 quanto
453 1251 586 1293 citius
620 1252 751 1305 potui
785 1253 1032 1307 comparui,
1069 1258 1113 1294 et
1149 1253 1363 1294 exhibitis
1397 1253 1560 1294 litteris
1594 1254 1946 1296 credentialibus

243 1321 441 1377 singulos
487 1321 701 1364 articulos
750 1323 916 1378 Regiae
962 1317 1042 1364 Mtis
1087 1324 1176 1364 ΨΜ
1228 1324 1539 1366 instructionis
1585 1330 1797 1367 oretenus
1843 1339 1944 1381 pro-

243 1395 386 1448 posui,
430 1392 700 1435 nominatim
743 1394 797 1436 de
839 1395 1127 1444 salutatione,
1177 1395 1468 1443 exhibitione,
1524 1395 1844 1438 benevolentia
1901 1401 1946 1438 et

187 1483 224 1509 15
242 1466 388 1518 gratia
436 1464 603 1518 Regiae
649 1458 729 1506 M*iS
776 1466 865 1506 Vrae
912 1479 1017 1520 erga
1063 1466 1211 1520 ipsum
1246 1466 1516 1515 waivodam,
1553 1471 1597 1508 et
1634 1467 1946 1522 deploratione

242 1535 524 1578 lamentabili
548 1536 759 1578 interitus
783 1536 923 1578 felicis
947 1536 1271 1578 recordationis
1296 1537 1516 1579 Ludovici
1539 1538 1655 1592 regis
1681 1538 1945 1594 Hungariae

241 1612 287 1649 et
324 1606 539 1649 Boemiae
576 1612 660 1649 etc.
701 1607 825 1662 Quos
862 1620 1018 1650 omnes
1055 1608 1270 1650 articulos
1306 1608 1525 1650 benevole
1562 1614 1607 1650 et
1645 1609 1802 1651 debita
1839 1623 1942 1652 cum

241 1677 495 1721 reverentia
523 1678 701 1720 audivit
732 1684 777 1720 et
807 1680 1037 1734 percepit;
1069 1693 1202 1734 porro
1232 1692 1366 1734 super
1395 1679 1573 1721 duobus
1602 1680 1940 1736 principalibus,

241 1750 287 1791 in
315 1750 481 1805 quibus
510 1750 652 1805 Regia
679 1750 892 1791 Maiestas
909 1743 991 1791 ‘Vm
1018 1751 1133 1805 petit
1156 1764 1163 1791 :
1208 1750 1424 1800 Primum,
1466 1756 1517 1792 ut
1547 1752 1791 1806 adeptione
1818 1753 1943 1808 regni

185 1839 223 1866 ρο
243 1821 504 1876 Hungariae
522 1826 676 1877 partes
697 1821 863 1876 Regiae
882 1815 963 1863 Μἰὶς
983 1822 1022 1862 V
1025 1824 1072 1840 me
1092 1835 1223 1876 agere
1254 1826 1298 1863 et
1331 1822 1481 1863 fovere
1514 1823 1623 1864 velit
1644 1828 1728 1865 etc.
1751 1824 1940 1873 Deinde,

242 1897 293 1934 ut
325 1892 510 1934 nuntios
542 1897 622 1935 aut
654 1893 966 1934 mandatarios
997 1906 1102 1934 suos
1133 1892 1335 1947 legitimo
1365 1893 1586 1935 mandato
1617 1907 1698 1936 suo
1731 1895 1942 1936 suffultos

242 1964 301 2005 ad
339 1964 528 2019 Regiam
566 1963 669 2006 Mtem
701 1963 801 2004 V¹²¹¹¹²
834 1964 1021 2013 mittat;
1061 1964 1313 2018 respondit:
1351 1963 1396 2005 Si
1435 1964 1575 2019 Regia
1612 1965 1826 2007 Maiestas
1869 1967 1941 2007 Vra

241 2035 287 2076 in
307 2039 511 2091 tempore
540 2040 585 2077 et
616 2039 723 2076 ante
744 2036 1083 2076 coronationem
1103 2034 1338 2076 waivodae
1364 2035 1749 2077 Transsilvaniael
1779 2051 1852 2079 me
1882 2037 1941 2079 ad

242 2106 390 2161 ipsum
430 2106 641 2155 misisset,
684 2106 906 2161 potuisset
960 2106 1143 2161 quidem
1184 2106 1381 2147 multum
1423 2120 1504 2161 pro
1546 2107 1688 2161 Regia
1739 2106 1813 2149 Mte
1866 2109 1938 2149 Vm

183 2193 222 2219 25
241 2177 494 2232 profecisse,
538 2178 756 2231 adeoque,
800 2183 851 2219 ut
894 2177 984 2218 iam
1027 2177 1176 2219 dictus
1216 2176 1426 2218 waivoda
1468 2191 1760 2232 nequaquam
1802 2193 1940 2234 regno

241 2248 345 2290 huic
372 2262 418 2289 se
446 2248 504 2289 ad
532 2249 842 2291 coronandum
870 2248 1199 2296 intromisisset,
1230 2252 1275 2289 et
1303 2248 1405 2289 licet
1435 2248 1573 2290 etiarn
1601 2263 1735 2298 nunc,
1765 2250 1802 2291 si
1829 2250 1940 2305 quid

240 2324 390 2374 posset
411 2333 492 2374 pro
514 2320 655 2375 Regia
677 2318 750 2361 Mte
771 2320 843 2361 Vsa
864 2320 973 2361 nihil
994 2334 1083 2361 non
1105 2319 1295 2360 libenter
1329 2324 1541 2368 tentaret,
1576 2324 1746 2369 tamen,
1781 2335 1937 2375 quum,

240 2390 446 2432 waivoda
470 2391 541 2431 ille
566 2391 611 2432 in
635 2405 772 2445 regno
798 2390 1055 2445 Hungariae
1081 2395 1124 2432 et
1151 2391 1330 2437 electus,
1359 2394 1403 2430 et
1430 2395 1683 2440 coronatus,
1711 2391 1805 2446 ipse
1830 2406 1938 2434 vero

241 2461 469 2516 Hungaris
494 2466 539 2503 et
565 2462 605 2503 ei
630 2467 853 2516 tanquam
879 2462 971 2516 regi
996 2475 1150 2502 eorum
1177 2460 1522 2502 confoederatus
1547 2462 1620 2510 sit,
1648 2475 1739 2503 non
1766 2463 1936 2512 videat,

184 2546 223 2573 30
240 2545 386 2586 neque
413 2531 536 2587 apud
563 2546 609 2574 se
636 2533 853 2581 inveniat,
884 2546 975 2587 quo
1001 2537 1137 2586 pacto
1178 2532 1344 2587 Regiae
1384 2525 1450 2571 Mti
1491 2532 1581 2573 Vrae
1607 2533 1818 2586 petitioni
1856 2548 1938 2588 pro

239 2615 360 2644 nunc
383 2603 642 2645 satisfacere
666 2604 807 2658 possit
830 2617 838 2652 ;
864 2603 1081 2651 similiter,
1099 2616 1240 2656 quum
1257 2601 1412 2644 Turcis
1427 2602 1484 2644 sit
1500 2603 1782 2653 tributarius,
1808 2618 1937 2658 opor-

241 2679 336 2715 tere
360 2687 406 2715 se
432 2679 607 2728 quanto
631 2675 774 2729 magis
798 2674 940 2729 possit
967 2673 1195 2715 continere
1220 2679 1265 2715 et
1291 2674 1531 2728 quiescere,
1558 2687 1704 2728 neque
1730 2674 1788 2716 ad
1813 2675 1937 2716 illam

240 2745 313 2786 vel
337 2744 396 2786 ad
421 2745 556 2786 aliam
580 2750 759 2800 partem
784 2745 1019 2786 declinare.
1047 2745 1165 2785 Nam
1191 2744 1304 2785 adeo
1328 2744 1373 2785 in
1397 2744 1546 2785 medio
1570 2744 1854 2786 inimicorum
1878 2746 1935 2788 sit

241 2815 533 2865 constitutus,
570 2820 623 2857 ut
659 2816 694 2857 si
730 2816 803 2857 vel
838 2816 1075 2856 minimum
1112 2815 1202 2856 tale
1238 2815 1296 2856 ab
1332 2829 1384 2857 eo
1420 2815 1872 2865 animadverteretur,
1912 2831 1935 2858 e

183 2898 225 2925 35
241 2886 431 2940 vestigio
460 2886 647 2928 dominii
675 2887 744 2928 sui
772 2891 888 2928 esset
916 2886 1017 2927 finis
1045 2890 1090 2926 et
1120 2885 1175 2927 de
1203 2885 1306 2927 sede
1335 2900 1417 2927 sua
1445 2886 1754 2940 expelleretur.

386 2957 446 2998 Et
479 2957 597 2998 inter
627 2962 806 2999 caetera
837 2957 1016 2998 dicebat
1050 2956 1232 2997 omnino
1254 2956 1634 3011 praesumendum
1655 2962 1784 3006 esset,
1808 2957 1932 3012 quod

242 3027 384 3081 Regia
415 3027 628 3069 Maiestas
660 3029 731 3069 Vm
758 3042 860 3069 cum
894 3027 1101 3082 praefato
1143 3027 1351 3068 waivoda
1386 3027 1605 3082 proelium
1650 3028 1934 3070 committere

380 3179 393 3200 ¹
418 3180 632 3214 Coronatio
655 3180 823 3225 Joannis
846 3179 1057 3224 Szapolyai
1082 3179 1158 3213 fuit
1188 3189 1243 3212 11.
1272 3180 1511 3214 Novembris
1540 3182 1649 3224 1526.
