2209 3643
111 2762 160 2794 28.
184 2763 261 2792 Dec.

297 208 366 241 126
1063 205 1137 239 No.
1161 215 1208 247 93
1680 199 1742 253 [30
1767 204 1862 249 Julii
1885 215 1982 250 1523

1101 354 1171 395 93.

871 463 1015 512 Euda,
1039 474 1108 514 3ο.
1132 462 1400 515 J771l1'271523.

285 556 471 606 Joannes
500 553 721 605 Szapolyai
760 553 945 591 vaivoda
982 552 1169 604 capitulo
1202 552 1396 591 ecclesiae
1425 552 1618 591 Albensis
1652 552 1982 603 Transylvanae.

432 664 488 705 M
491 663 699 704 andatmn
737 662 1011 703 statutorium
1047 666 1125 717 pro
1150 662 1369 716 Logofetul
1392 662 1613 711 Horwath,
1650 661 1800 703 Banul
1819 662 1987 703 Parvul

290 740 326 777 et
355 733 638 776 Vistiernicnl
663 733 832 774 Vama
857 737 986 788 super
1008 733 1277 788 possessione
1302 733 1492 788 Algyogy
1508 733 1556 774 in
1571 732 1776 774 comitatu
1796 733 1844 774 H
1846 746 1984 786 unya-
2022 745 2041 770 5

289 805 432 847 diensi
459 803 670 846 existenti.

431 900 631 953 Joannes
672 898 726 939 de
766 898 968 953 Zapolya
1012 911 1160 939 comes
1213 902 1459 953 perpetuus
1499 903 1646 939 terrae
1683 897 1988 952 Scepusiensis

290 976 334 1012 et
362 970 580 1011 waiwoda
608 969 1021 1011 Transsilvanensis
1050 983 1101 1010 ac
1127 969 1378 1010 Siculorum
1408 983 1557 1010 comes
1585 973 1670 1010 etc.
1701 968 1870 1010 Amicis
1897 968 1989 1010 suis

292 1041 582 1089 Reverendis,
633 1040 833 1095 capitulo
870 1040 1080 1082 ecclesiae
1117 1040 1324 1081 Albensis
1360 1040 1784 1081 Transsilvanensis.
1823 1039 1988 1081 Amici-

291 1113 403 1154 tiam
433 1117 643 1167 paratam
674 1125 777 1153 cum
806 1112 988 1152 honore.
1023 1111 1202 1152 Dicitur
1230 1111 1360 1152 nobis
1390 1111 1435 1151 in
1464 1111 1666 1165 personis
1696 1110 1988 1165 Egregiorum
2005 1122 2043 1148 10

292 1183 514 1224 Horwath
536 1182 793 1237 Logofieth‚
816 1182 958 1223 Perwl
983 1182 1083 1223 Ban
1106 1186 1150 1223 et
1172 1181 1228 1223 W
1231 1182 1377 1223 ancha
1397 1181 1630 1236 VVyzthen
1654 1181 1884 1235 quomodo
1903 1181 1987 1236 ipsi

291 1255 335 1295 in
360 1254 610 1295 dominium
634 1253 790 1294 totalis
812 1253 1104 1308 possessionis
1126 1253 1323 1307 Aldyod,
1353 1252 1398 1293 in
1422 1253 1645 1294 comitatu
1674 1251 1988 1307 Hunyadiensi

291 1325 540 1374 existentis,
585 1324 705 1379 ipsos
759 1338 813 1365 ex
855 1323 1053 1378 gratiosa
1107 1324 1355 1365 annuentia
1397 1324 1490 1365 sive
1533 1323 1778 1365 donatione
1822 1322 1988 1377 Regiae

290 1395 556 1444 Maiestatis,
580 1395 752 1437 domini
772 1394 916 1436 nostri
937 1394 1249 1449 gratiosissimi
1271 1394 1581 1436 concernentis
1601 1393 1799 1449 legitime
1820 1393 1987 1435 vellent

290 1467 486 1508 introire.
529 1466 819 1520 Requirimus
856 1465 993 1520 igitur
1030 1471 1074 1507 et
1112 1466 1349 1507 hortamur
1386 1479 1480 1514 vos,
1520 1465 1811 1506 nihilominus
1849 1464 1987 1506 etiam
2004 1475 2040 1502 15

291 1537 571 1579 authoritate
601 1542 644 1578 et
675 1537 720 1578 in
749 1550 941 1592 persona
969 1537 1163 1591 praefati
1193 1536 1365 1578 domini
1393 1536 1536 1578 nostri
1565 1536 1680 1591 regis
1708 1535 1838 1577 vobis
1867 1549 1987 1576 com-

291 1608 530 1657 mittimus,
576 1612 802 1662 quatenus
844 1612 1047 1649 vestrum
1090 1607 1288 1649 mittatis
1330 1607 1559 1648 hominem
1602 1620 1683 1662 pro
1726 1606 1987 1647 testimonio

291 1679 585 1734 fidedignum,
616 1693 706 1734 quo
732 1683 1051 1734 praesente...
1085 1679 1221 1720 homo
1248 1683 1401 1720 noster
1437 1678 1495 1719 ad
1531 1677 1666 1719 facies
1703 1677 1850 1718 dictae
1887 1690 1988 1731 pos-

292 1750 497 1791 sessionis
548 1749 729 1805 Aldyod
747 1784 754 1790 .
775 1783 810 1790 ..
867 1749 1128 1791 introducat
1180 1749 1409 1804 praefatos
1459 1749 1681 1790 Horwath
1730 1747 1987 1802 Logoffeth,

292 1822 436 1862 Parwl
462 1821 561 1862 Ban
593 1826 636 1862 et
660 1821 864 1862 Wancha
895 1821 1114 1876 Wyzther
1140 1821 1185 1861 in
1215 1820 1465 1862 dominium
1495 1819 1694 1861 eiusdem
1721 1823 1990 1873 statuatque
2005 1830 2043 1855 20

292 1892 481 1934 eandem
516 1892 683 1933 eisdem
719 1892 966 1946 praemisso
1000 1891 1093 1933 iure
1129 1891 1236 1946 ipsis
1270 1891 1560 1932 incumbente
1595 1889 1930 1945 possidendam,
1954 1888 1991 1930 si

292 1976 382 2004 non
406 1963 541 2004 suerit
557 1963 906 2004 contradictum.
928 1963 1293 2004 Contradictores
1317 1975 1437 2011 vero,
1464 1961 1499 2002 si
1523 1961 1601 2016 qui
1624 1960 1807 2009 fuerint,
1833 1964 1990 2001 evocet

293 2034 473 2075 eosdem
499 2038 658 2075 contra
683 2038 929 2075 annotatos
944 2034 1166 2075 Horwath
1182 2032 1437 2088 Logoffeth‚
1457 2032 1599 2073 Perwl
1614 2032 1713 2073 Ban
1728 2036 1773 2073 et
1787 2030 1992 2073 Wancha

294 2105 511 2159 Wyzther
551 2105 609 2146 ad
654 2104 899 2146 terminum
944 2109 1280 2159 competentem
1326 2108 1530 2144 nostram
1582 2103 1627 2144 in
1672 2102 1990 2158 praesentiam,

293 2175 514 2217 rationem
549 2175 920 2217 contradictionis
953 2189 1108 2216 eorum
1142 2174 1427 2223 reddituros;
1463 2179 1547 2215 etc.
2007 2183 2046 2209 25

439 2247 611 2287 Datum
654 2246 825 2294 Budae,
869 2245 980 2287 feria
1020 2245 1182 2300 quinta
1222 2245 1429 2300 proxima
1469 2249 1572 2300 post
1614 2244 1781 2285 festum
1822 2244 1992 2285 Beatae

295 2317 452 2358 Annae
482 2317 640 2358 Matris
670 2316 851 2358 Mariae.
883 2318 1016 2358 Anno
1046 2317 1231 2358 Domini
1262 2328 1386 2368 1523.

437 2419 599 2458 Titulus
619 2433 632 2459 .·
679 2419 836 2458 Amicis
883 2419 967 2458 suis
1015 2418 1272 2457 Reverendis
1319 2417 1508 2469 capitulo
1555 2417 1752 2456 ecclesiae
1798 2415 1993 2455 Albensis

295 2477 695 2517 Transsilvanensis1
727 2491 803 2530 pro
830 2478 1016 2529 Egregiis
1043 2478 1268 2529 Logofieth
1289 2477 1497 2516 Horwath
1525 2481 1567 2515 et
1594 2476 1685 2515 aliis
1710 2474 1992 2526 introscriptis

294 2536 602 2576 introductoria
627 2542 668 2577 et
695 2538 935 2576 statutoria.
2010 2548 2048 2574 30

538 2635 762 2680 (Originale.
790 2636 984 2680 Orszagos
1010 2634 1206 2675 Leveltz'tr,
1236 2635 1456 2680 Budapest.
1491 2634 1556 2668 Dl.
1581 2630 1735 2680 31039.)

445 2742 705 2796 Exequutio
736 2743 859 2784 iacta
902 2748 1065 2784 est...
1101 2742 1146 2783 in
1194 2742 1356 2797 Gyogh
1394 2741 1583 2782 infesto
1632 2739 1763 2781 Beati
1803 2736 1994 2792 Joannis

299 2811 505 2866 Apostoli
530 2817 574 2854 et
600 2813 943 2867 Evangelistae.
965 2848 999 2855 ..
1029 2818 1073 2854 et
1104 2812 1451 2854 contradixisset
1479 2811 1524 2852 in
1551 2811 1709 2852 eadem
1738 2808 1912 2850 ratione
1946 2811 1990 2848 et

301 2881 344 2921 in
391 2896 581 2936 persona
610 2883 832 2936 Johannis
866 2884 1094 2932 Tharnak,
1131 2896 1305 2924 necnon
1351 2882 1561 2923 dominae
1595 2880 1775 2927 Elenae,
1811 2878 1992 2919 relictae

448 3010 461 3030 1
489 3009 599 3044 Circa
626 3011 700 3044 hoc
726 3014 887 3056 tempus
915 3011 1018 3045 vixit
1045 3010 1290 3045 Venerabilis
1318 3019 1364 3043 ae
1391 3007 1594 3052 religiosus
1622 3007 1745 3040 frater
1773 3004 1991 3050 Dionysius
2007 3016 2045 3042 35

302 3066 350 3100 de
370 3066 510 3111 Gyalu,
547 3068 754 3113 episcopus
786 3070 983 3114 Argensis,
1020 3070 1168 3103 ordinis
1198 3069 1369 3102 fratrum
1400 3065 1697 3100 Heremitarum
1729 3064 1845 3098 Beati
1876 3062 1990 3097 Pauli

301 3125 418 3168 primi
440 3125 656 3160 heremitae
673 3127 713 3160 in
733 3127 906 3162 claustro
930 3138 997 3162 seu
1021 3127 1212 3162 coenobio
1234 3125 1494 3160 Beatissimae
1514 3123 1686 3168 Virginis
1699 3122 1849 3156 Mariae
1871 3131 1991 3166 supra

302 3182 492 3216 Tothialu
520 3184 700 3224 fundato,
732 3186 857 3219 Albae
885 3186 1014 3230 Juliae
1043 3186 1185 3220 vicino.
