2209 3643
197 215 255 239 12.
279 205 372 241 Dec.
399 199 508 254 1509]
968 207 1042 242 No.
1068 217 1112 253 75
1837 219 1886 252 99

191 336 398 378 exhibuit
425 341 469 378 et
496 335 732 391 impendit,
760 341 910 378 totum
935 342 980 379 et
1006 351 1138 380 omne
1164 338 1231 379 ius
1256 343 1461 380 nostrum
1486 339 1672 394 regium,
1698 340 1735 382 si
1760 341 1885 396 quod

191 407 237 448 in
263 407 386 449 dicta
410 407 656 449 medietate
682 407 836 449 totalis
861 408 1150 463 possessionis
1166 409 1477 465 anyogzegh
1492 411 1883 467 qualitercumque

191 479 473 528 haberemus,
495 482 574 519 aut
610 482 812 520 nostram
846 494 901 520 ex
936 480 1296 535 quibuscumque
1330 481 1488 530 causis,
1525 481 1623 531 viis,
1659 483 1805 525 modis
1839 488 1884 525 et

190 549 457 598 rationibus,
494 555 812 591 concernerent
860 550 1160 600 Maiestatem,
1208 551 1377 606 pariter
1422 566 1525 594 cum
1571 553 1746 595 cunctis
1791 554 1884 595 suis

160 620 470 668 5utilitatibus
498 624 543 662 et
575 620 858 676 pertinentiis
890 621 1164 676 quibuslibet
1213 628 1464 666 memorato
1497 624 1682 680 Maylad
1726 629 1885 667 contu-

189 691 371 733 lerimus
415 691 695 746 velimusque
727 692 920 734 eundem
965 692 1009 734 in
1042 693 1291 735 dominium
1323 694 1523 736 eiusdem
1568 709 1646 750 per
1677 700 1883 737 nostrum

188 767 233 804 et
275 767 480 804 vestrum
521 763 724 804 homines
765 763 962 818 legitime
1004 764 1148 806 facere
1189 764 1442 807 introduci:
1496 766 1603 808 Ideo
1651 766 1885 809 Fidelitati

188 833 375 875 Vestrae
405 833 597 876 firmiter
625 835 910 883 mandamus,
942 839 1166 889 quatenus
1195 841 1398 878 vestrum
1428 836 1625 879 mittatis
1653 837 1883 880 hominem

187 918 268 960 pro
303 904 564 947 testimonio
598 905 688 948 fide
717 905 917 960 dignum,
949 920 1038 961 quo
1073 911 1308 961 praesente
1343 907 1607 950 Ambrosius
1641 908 1696 950 de
1731 909 1881 958 Moha,

132 996 169 1023 10
186 989 265 1017 seu
305 975 413 1017 socii
452 975 549 1017 aliis
593 977 857 1019 absentibus
886 978 1022 1019 homo
1052 982 1204 1019 noster
1230 992 1309 1033 per
1341 992 1422 1020 nos
1452 979 1510 1021 ad
1540 979 1585 1020 id
1607 980 1881 1034 praesentia-

186 1047 288 1088 liter
334 1047 582 1102 deputatus
626 1053 671 1090 et
723 1048 897 1097 missus,
944 1049 1002 1090 ad
1047 1048 1182 1090 facies
1238 1049 1541 1105 praescriptae
1592 1051 1882 1105 possessionis

186 1118 499 1174 anyogzegh
523 1154 530 1161 .
557 1153 564 1160 .
592 1154 598 1160 .
654 1119 914 1161 introducat
969 1120 1227 1175 praefatum
1285 1120 1469 1176 Maylad
1527 1121 1572 1162 in
1630 1121 1882 1164 dominium

186 1189 334 1231 dictae
349 1189 607 1232 medietatis
622 1190 823 1232 eiusdem
839 1190 1129 1246 possessionis
1158 1196 1425 1246 statuatque
1445 1192 1634 1234 eandem
1651 1192 1796 1235 eidem
1814 1228 1821 1234 .
1844 1228 1851 1235 .
1872 1229 1879 1235 .

185 1260 222 1301 si
262 1274 353 1302 non
393 1260 528 1302 fuerit
569 1261 916 1303 contradictum.
957 1261 1320 1304 Contradictores
1358 1277 1478 1312 vero,
1517 1263 1554 1304 si
1592 1263 1671 1318 qui
1698 1263 1881 1314 fuerint,

133 1351 169 1378 15
185 1335 342 1373 evocet
382 1331 562 1374 eosdem
602 1337 761 1374 contra
799 1338 1071 1375 annotatum
1108 1334 1293 1389 Maylad
1328 1333 1387 1375 ad
1422 1334 1667 1376 terminum
1704 1349 1883 1391 compe-

185 1407 359 1444 tentem
396 1402 441 1443 in
479 1403 783 1458 praesentiam
815 1405 1063 1460 wayvodae
1101 1404 1244 1446 nostri
1285 1405 1711 1461 Transsylvanensis
1755 1421 1883 1461 prae-

185 1473 283 1522 fati,
316 1473 539 1516 rationem
571 1474 942 1517 contradictionis
975 1489 1130 1517 eorum
1158 1475 1444 1526 reddituros;
1478 1481 1563 1518 etc.

332 1545 507 1586 Datum
522 1545 824 1601 Thyrnaviae‚
847 1546 1022 1588 infesto
1043 1546 1354 1588 Conversionis
1370 1547 1503 1589 Beati
1524 1547 1653 1589 Pauli
1669 1549 1876 1603 apostoli.

184 1616 316 1657 Anno
342 1616 527 1658 Domini
565 1616 800 1658 Millesimo
839 1617 1198 1671 quingentesimo
1233 1632 1365 1659 nono.
1405 1619 1664 1673 Regnorum
1703 1624 1879 1661 nostro-

127 1705 165 1733 20
183 1701 284 1728 rum
312 1687 573 1742 Hungariae
602 1692 686 1729 etc.
725 1702 843 1729 anno
873 1688 1046 1729 decimo
1078 1702 1211 1738 nono,
1243 1689 1487 1731 Bohemiae
1518 1704 1624 1732 vero
1653 1690 1880 1732 tricesimo

183 1771 316 1799 nono.

329 1849 511 1889 Titulus:
532 1849 747 1888 Fidelibus
767 1850 920 1889 nostris
953 1851 1180 1889 conventui
1214 1850 1410 1890 ecclesiae
1443 1851 1494 1890 de
1525 1851 1878 1891 Kolosmonostra

184 1920 260 1959 pro
280 1908 411 1947 nobili
433 1908 606 1960 Maylad
637 1909 840 1947 Wolacho
868 1909 1175 1948 introductoria
1204 1915 1245 1949 et
1275 1911 1516 1949 statutoria.

329 2006 554 2051 (Originale,
584 2007 778 2051 Orszagos
799 2007 994 2047 Leveltar,
1018 2008 1236 2053 Budapest.
1260 2008 1322 2042 Dl.
1348 2011 1482 2053 26500.
1517 2009 1657 2044 Edidit
1683 2021 1703 2044 e
1747 2014 1875 2046 trans-

126 2084 165 2110 25
183 2069 346 2111 sumpto
379 2066 473 2100 anni
507 2067 604 2100 1810
635 2066 895 2100 «Tortenelmi
918 2067 1012 2101 Tar»
1046 2067 1154 2108 1891.
1188 2077 1277 2112 pag.
1307 2069 1537 2112 624—625.)

327 2160 612 2202 Introductio
639 2165 683 2202 et
714 2161 908 2202 statutio
934 2161 1196 2216 supradicta
1222 2167 1406 2216 peracta
1428 2168 1495 2205 est
1517 2163 1562 2204 in
1594 2164 1873 2218 possessione

179 2231 492 2287 Szunyogszeg
515 2232 625 2273 feria
652 2232 788 2273 tertia
809 2232 1014 2286 proxima
1037 2237 1142 2274 ante
1170 2232 1337 2274 festum
1363 2234 1646 2276 Ascensionis
1661 2235 1846 2278 Domini
1864 2250 1872 2285 ;

183 2303 361 2344 nemine
394 2303 746 2344 contradicente.

994 2419 1061 2459 75.

127 2552 165 2578 30
630 2528 898 2577 Szttsclzaoea,
932 2541 999 2570 12.
1033 2529 1281 2570 Decembris
1313 2541 1438 2583 1509.

181 2618 392 2658 Osvaldus
425 2619 679 2658 Korlathko'i
711 2623 752 2658 et
785 2619 1004 2658 Barnabas
1035 2619 1168 2670 Belay
1199 2619 1364 2658 senatui
1397 2620 1583 2659 civitatis
1615 2621 1872 2662 Besztercze.

326 2717 501 2772 Equum
526 2731 665 2759 unum
691 2717 860 2759 homini
898 2717 954 2758 ad
991 2717 1218 2758 vaivodam
1246 2718 1592 2772 Transylvaniae
1618 2719 1750 2761 misso
1777 2721 1875 2763 dari

180 2791 343 2842 petunt.

327 2894 511 2936 Nobiles
543 2899 588 2936 et
622 2894 934 2949 circumspecti
967 2894 1099 2936 amici
1132 2895 1261 2936 nobis
1294 2896 1457 2938 dilecti.
1495 2897 1709 2938 Constare
1743 2898 1873 2939 vobis

182 2969 304 3006 certo
332 2965 511 3014 scimus,
542 2965 587 3006 in
616 2980 706 3020 quo
734 2965 914 3020 negotio
934 2979 1015 3006 nos
1035 2979 1060 3005 a
1076 2966 1219 3020 Regia
1240 2967 1492 3016 Maiestate,
1512 2967 1695 3009 domino
1716 2973 1872 3010 nostro

181 3035 505 3088 gratiosissimo
537 3036 821 3090 dominisque
853 3035 1067 3090 praelatis
1099 3041 1143 3077 et
1176 3037 1422 3078 baronibus
1454 3037 1578 3092 regni
1610 3039 1871 3093 Hungariae

181 3105 269 3147 huc
301 3106 510 3161 deputati
541 3120 696 3148 sumus
727 3111 772 3147 et
804 3106 985 3161 plenam
1016 3120 1197 3162 quoque
1227 3121 1309 3149 nos
1340 3108 1472 3150 huius
1503 3108 1785 3159 facultatem,
1819 3115 1870 3152 ut

179 3189 207 3216 a
236 3189 505 3231 quacunque
534 3177 720 3218 civitate
750 3176 921 3231 aliquid
950 3177 1104 3218 auxilii
1134 3178 1454 3233 rogaverimus,
1485 3179 1644 3221 statim
1679 3180 1871 3222 admini-

1672 3267 1714 3313 7*

127 2928 165 2954 35

1900 2269 1913 2288 1
1922 2266 1948 2297 ς.
1972 2259 2060 2291 Maii.
