2209 3643
184 190 242 214 11.
273 179 368 224 Apr.
403 174 514 228 1502]
960 179 1035 213 No.
1058 189 1102 224 51
1828 182 1874 214 61

181 310 554 352 consuetudinem
592 314 731 364 atque
768 309 910 364 legem
947 309 1182 364 provenire
1219 309 1504 359 debentibus,
1544 309 1793 365 plenariam
1830 316 1875 352 et

180 381 491 423 omnimodam
535 380 827 436 impendisset
871 381 1165 435 pecuniarum
1207 381 1431 423 solutione
1475 381 1704 423 mediante
1746 381 1876 423 satis-

179 452 439 501 factionem,
478 452 578 493 ideo
613 451 771 493 eadem
808 451 992 493 domina
1030 452 1284 493 Katherina
1319 466 1454 507 super
1489 451 1710 494 eiusmodi
1745 452 1874 494 satis—

178 523 376 565 factione
414 523 472 564 ad
508 523 691 577 plenum
728 527 944 564 contenta
982 528 1284 564 memoratum
1321 523 1557 565 dominum
1591 523 1875 578 Stephanum

143 593 448 650 5wayvodam
480 608 531 635 ac
563 593 707 635 filium
736 593 935 635 eiusdem
967 593 1155 648 Bogdan
1185 593 1348 650 wayda
1364 594 1666 636 nominatum.
1687 629 1722 636 ..
1752 595 1875 649 quie-

177 670 272 707 tos.
294 700 300 706 .
322 700 328 706 .
370 664 637 706 reddidisset
664 669 802 719 atque
828 664 1136 717 conmisisset3
1168 670 1252 707 etc.

326 736 498 777 Datum
537 735 648 777 feria
686 735 821 777 tertia
854 735 1061 790 proxima
1099 740 1200 791 post
1242 736 1515 777 dominicam
1552 736 1693 778 Oculi.
1741 737 1874 778 Anno

176 807 360 848 Domini
387 806 621 848 Millesimo
648 806 1009 861 quingentesimo
1038 806 1247 848 secundo.

320 900 554 945 (Archivum
591 903 814 935 conventus
853 901 902 934 de
943 901 1308 935 Kolozsmonostor.
1356 901 1626 936 Protocollum
1670 902 1872 936 «Michael»

117 973 153 1000 10
173 959 239 994 fol.
279 962 362 1005 176.
385 960 579 1005 Orszagos
601 960 797 999 Leveltar,
827 960 1047 1005 Budapest.
1077 959 1140 994 Dl.
1169 960 1322 1005 36405.)

993 1111 1064 1153 51.

585 1220 974 1269 Kolozsmonostor,
1010 1233 1078 1261 Π.
1119 1220 1294 1274 Aprilis
1330 1233 1454 1273 1502.

169 1311 414 1351 Conventus
447 1311 643 1349 ecclesiae
662 1311 714 1349 de
739 1311 1112 1350 Kolozsmonostor
1143 1311 1187 1350 in
1218 1311 1386 1361 negotio
1405 1310 1619 1361 Johannis
1639 1312 1866 1364 Desewffy.

313 1409 511 1462 Ioannes
520 1409 695 1462 Dezsb'fi
712 1409 762 1450 de
780 1410 968 1451 Losoncz
985 1413 1160 1451 testatur
1176 1409 1318 1460 filiam
1329 1410 1365 1451 Α
1374 1424 1511 1451 unam
1528 1410 1688 1452 mortui
1697 1411 1866 1462 Dezso'fi

114 1496 150 1523 15
168 1480 342 1535 eiusque
377 1485 556 1521 matrem
591 1494 616 1521 a
653 1480 870 1535 Stephano
902 1480 1081 1522 vaz'voda
1107 1481 1163 1521 M
1165 1480 1358 1522 oldaviae
1385 1480 1536 1522 eteius
1559 1481 1652 1532 filio
1685 1482 1865 1536 Bogdan

166 1551 307 1606 quoad
323 1551 432 1592 bona
447 1550 593 1592 Csz'cso
622 1551 781 1593 abillis
813 1555 1010 1606 possessa
1038 1551 1205 1606 quietas
1232 1551 1435 1600 redditas,
1464 1552 1636 1607 illisque
1667 1553 1866 1605 satisfac-

167 1626 260 1663 tum
279 1636 381 1663 esse.

314 1728 578 1770 Conventus
623 1728 886 1770 monasterii
933 1728 1102 1770 Beatae
1148 1727 1316 1770 Mariae
1362 1728 1555 1783 Virginis
1602 1729 1657 1770 de
1704 1729 1865 1772 Kolos-

165 1803 416 1840 monostra.
448 1798 673 1840 Omnibus
702 1799 866 1841 Christi
894 1799 1104 1840 fidelibus
1131 1799 1444 1854 praesentibus
1462 1804 1506 1840 et
1529 1799 1707 1848 futuris,
1738 1814 1864 1856 prae-

110 1887 150 1913 20
164 1869 366 1911 sentium
404 1869 619 1911 notitiam
656 1870 892 1918 habituris,
918 1870 1112 1911 salutem
1150 1869 1196 1910 in
1235 1870 1432 1911 Domino
1466 1870 1577 1924 Jesu
1612 1870 1861 1914 Salvatore.

164 1940 238 1982 Ad
275 1940 591 1982 universorum
627 1940 841 1982 notitiam
877 1941 987 1982 serie
1024 1940 1331 1995 praesentium
1367 1941 1578 1982 volumus
1614 1942 1860 1996 pervenire,

165 2011 292 2065 quod
333 2011 550 2066 Egregius
586 2012 833 2066 Johannes‚
876 2011 996 2053 filius
1035 2011 1229 2053 condam
1269 2011 1499 2053 Michaelis
1539 2012 1769 2068 Desewffy
1809 2014 1864 2055 de

166 2082 382 2130 Losoncz,
404 2096 541 2124 onera
567 2087 612 2124 et
637 2082 865 2137 quaelibet
884 2082 1150 2137 gravamina
1180 2095 1420 2137 generosae
1452 2082 1663 2125 dominae
1688 2084 1863 2137 Julian-

165 2167 251 2194 nae
280 2153 440 2194 matris
468 2167 520 2195 ac
538 2153 701 2195 nobilis
729 2153 903 2208 puellae
932 2153 1167 2209 Elyzabet,
1189 2152 1352 2194 sororis
1379 2153 1570 2194 carnalis
1596 2167 1795 2203 suarum,
1825 2155 1863 2196 si

111 2241 149 2268 25
166 2223 211 2264 in
240 2223 508 2279 subscriptis
522 2224 759 2279 persistere
774 2224 911 2266 nollet
927 2238 1006 2279 per
1021 2223 1173 2265 omnia
1186 2237 1322 2278 super
1348 2237 1395 2265 se
1413 2225 1684 2266 assumendo
1711 2239 1864 2267 coram

166 2294 299 2336 nobis
334 2295 630 2350 personaliter
666 2295 957 2343 constitutus,
995 2299 1157 2349 sponte
1193 2299 1238 2335 et
1275 2294 1412 2336 libere
1447 2295 1677 2337 confessus
1713 2301 1780 2338 est
1817 2296 1863 2338 in

165 2365 287 2407 hunc
304 2365 512 2407 modum:
545 2366 786 2422 Quomodo
814 2365 902 2407 sibi
930 2365 1198 2420 Magnificus
1216 2365 1425 2407 dominus
1450 2365 1722 2421 Stephanus,
1742 2381 1863 2423 way-

165 2436 287 2477 voda
301 2436 624 2478 Moldaviensis
641 2451 693 2479 ac
712 2436 917 2492 Bogdan,
942 2435 1062 2477 filius
1085 2435 1300 2484 eiusdem,
1317 2436 1372 2477 de
1386 2440 1431 2477 et
1454 2449 1589 2491 super
1612 2436 1706 2478 iure
1729 2451 1861 2492 quar-

165 2506 316 2548 talitio
343 2507 595 2549 Generosae
629 2508 838 2549 dominae
858 2508 1030 2555 Annae,
1053 2506 1173 2548 filiae
1206 2506 1399 2548 condam
1432 2506 1644 2548 dominae
1676 2508 1859 2557 Elenae,

114 2595 148 2622 30
166 2576 286 2621 filiae
326 2577 433 2619 olim
467 2578 691 2632 Johannis
729 2578 927 2626 senioris,
968 2577 1049 2618 filii
1088 2577 1282 2619 condam
1321 2577 1526 2632 magistri
1564 2577 1753 2627 Nicolai,
1779 2579 1861 2620 filii

166 2648 326 2689 Desew
347 2648 403 2690 de
425 2649 638 2698 Losoncz,
663 2663 838 2691 necnon
872 2648 978 2690 dote
999 2652 1044 2689 et
1071 2648 1204 2689 rebus
1226 2647 1584 2702 parafernalibus
1610 2648 1862 2691 Generosae

167 2718 377 2760 dominae
406 2719 564 2761 matris
594 2720 733 2775 ipsius
765 2719 957 2762 condam
983 2718 1206 2772 Johannis
1235 2718 1432 2767 senioris,
1464 2718 1646 2769 eisdem,
1678 2720 1734 2761 de
1762 2720 1860 2762 uni-

167 2789 307 2830 versis
364 2790 648 2845 portionibus
705 2789 1062 2845 possessionariis
1117 2789 1318 2830 eiusdem
1374 2789 1567 2831 condam
1636 2790 1859 2844 Johannis

167 2859 399 2916 Desewffy
425 2860 610 2902 senioris
637 2861 683 2902 in
709 2866 857 2903 castro
884 2860 1067 2915 Chycho
1093 2859 1139 2901 in
1164 2859 1336 2901 Zolnok
1362 2859 1562 2901 interiori
1588 2874 1639 2902 ac
1666 2861 1857 2916 oppidis,

115 2949 150 2975 35
167 2930 538 2984 possessionibus,
569 2931 686 2973 villis
713 2936 758 2973 et
788 2931 980 2986 praediis
1009 2930 1068 2972 ad
1095 2930 1214 2971 idem
1243 2934 1442 2971 castrum
1470 2931 1784 2985 spectantibus
1812 2937 1856 2974 et

167 3000 392 3054 pertinere
422 3001 707 3051 debentibus,
739 3001 889 3044 ubivis
917 3005 962 3043 et
983 3000 1029 3042 in
1051 3000 1396 3055 quibuscunque
1426 3001 1720 3044 comitatibus
1749 3003 1857 3045 ista-

167 3084 268 3111 rum
316 3071 517 3126 partium
564 3072 986 3114 Transsilvanarum
1033 3070 1346 3120 existentibus,
1378 3085 1498 3113 nunc
1545 3086 1650 3127 erga
1696 3087 1857 3115 manus

168 3140 278 3182 dicti
300 3141 470 3184 domini
488 3143 707 3198 Stephani
727 3142 975 3198 wayvodae
997 3141 1178 3190 habitis,
1203 3141 1333 3183 iuxta
1346 3141 1469 3197 regni
1483 3144 1856 3186 consuetudinem
