2209 3643
167 195 198 220 1.
224 185 316 219 Dec.
344 179 453 233 1535]
860 185 933 220 No.
959 196 1160 230 212—213
1786 200 1857 235 255

309 314 380 355 Ex
416 327 552 369 regno
587 318 742 355 nostro
778 313 1091 365 Moldaviensi,
1128 316 1274 372 prima
1309 317 1380 359 die
1418 318 1690 360 Decembris.
1729 319 1862 361 Anno

163 384 333 427 Christi
360 394 483 437 1535.

301 487 533 526 Intitulatio
553 500 565 526 .·
590 487 710 526 Serum
735 487 912 538 principi
938 492 979 526 et
1006 489 1191 535 domino,
1209 490 1380 529 domino
1397 491 1663 531 Ferdinando
1689 492 1860 532 favente

162 547 308 586 divina
320 547 544 586 clementia
558 547 860 593 Romanorum,
878 548 1131 598 Hungariae,
1144 550 1371 589 Bohemiae
1385 551 1468 602 regi
1481 564 1644 604 semper
1653 552 1858 603 Augusto,

125 606 316 645 binfanti
349 606 663 658 Hispaniarum,
698 606 910 645 archiduci
943 608 1137 647 Austriac
1170 614 1247 648 etc.
1284 610 1478 656 Domino,
1513 611 1684 650 domino
1716 616 1861 651 nostro

163 666 499 705 clementissimo.

514 752 740 798 (Originale.
763 754 1052 795 Staatsarchiv,
1089 755 1215 789 Wien.
1248 755 1506 804 Hungarica.)

958 906 1056 946 212.

631 1013 885 1062 Kamienec,
917 1026 956 1055 Ι.
987 1014 1233 1057 Decembris
1262 1027 1387 1070 1535.

108 1120 143 1146 ιο
166 1104 348 1143 Mathias
374 1103 583 1143 Loboczki
610 1103 660 1142 de
689 1103 949 1142 Lobudzicze
974 1109 1015 1143 et
1042 1105 1183 1151 Malin,
1206 1106 1401 1146 dominus
1427 1107 1468 1146 in
1496 1108 1736 1155 Camenecz,
1765 1110 1798 1149 F
1801 1123 1859 1149 er-

699 1163 886 1202 dinando
907 1164 938 1202 Ι.
961 1164 1045 1215 regi
1066 1165 1321 1215 Hungariae.

303 1262 489 1304 Pactum
521 1262 555 1315 J
557 1262 716 1304 ommis
749 1263 857 1317 regis
891 1277 988 1304 cum
1021 1264 1201 1306 vaz'voda
1234 1265 1498 1308 Moldavzssae.

311 1375 423 1416 Cum
449 1374 663 1416 Moldavo
692 1374 904 1430 [Joannes
930 1374 986 1416 de
1012 1376 1211 1431 Zapolia]
1254 1377 1388 1419 inivit
1415 1392 1558 1420 novas
1585 1380 1860 1429 concordias,

167 1450 218 1487 ut
240 1445 303 1487 illi
323 1449 447 1493 tunc,
469 1444 655 1500 quando
684 1458 798 1500 opus
818 1444 916 1494 erit,
939 1446 1130 1489 adesset.
1155 1447 1398 1490 Pollicetur
1417 1449 1457 1490 ei
1477 1449 1862 1493 Transsilvaniam

112 1534 150 1561 15
172 1517 395 1571 (attamen
421 1515 693 1571 promissum
718 1529 809 1557 non
835 1516 1035 1558 servabit
1051 1517 1127 1571 illi)
1147 1522 1191 1559 et
1219 1519 1457 1561 Moldavus
1482 1520 1594 1562 nihil
1619 1521 1665 1562 in
1690 1522 1862 1564 mundo

168 1587 270 1642 plus
304 1586 544 1635 desiderat,
581 1600 720 1641 quam
753 1587 1151 1629 Transsilvaniam.
1192 1589 1409 1644 Uterque,
1446 1595 1491 1632 et
1526 1591 1779 1642 Moldavus,
1815 1597 1860 1635 et

170 1657 456 1700 adversarius
495 1651 576 1699 Mtis
610 1657 698 1699 Vrae
729 1657 929 1699 Sacramae
974 1663 1213 1714 tamquam
1247 1661 1412 1702 conscii
1462 1662 1652 1717 peccati,
1703 1663 1862 1706 eodem

171 1729 333 1770 timore
362 1733 407 1770 et
437 1727 635 1783 periculo
664 1728 890 1777 laborant,
921 1742 1096 1771 summe
1125 1729 1289 1772 timent
1319 1731 1403 1772 sibi
1433 1746 1460 1773 a
1488 1733 1635 1775 Turca
1651 1747 1660 1783 ;
1705 1734 1862 1790 itaque

169 1799 388 1855 cogitant,
417 1798 658 1840 consulunt
686 1798 879 1840 invicem
917 1799 1147 1855 potentias
1172 1805 1217 1842 et
1245 1801 1487 1844 facultates
1513 1804 1782 1860 coniungere
1808 1819 1860 1847 ac

110 1889 150 1914 20
170 1875 375 1912 extrema
404 1874 595 1911 tentare.

315 1941 386 1982 Ex
415 1954 515 1982 arce
544 1940 841 1996 Camyenycz,
871 1940 1017 1996 primo
1046 1942 1307 1984 Decembris
1338 1953 1461 1997 1535.

495 2034 722 2080 (Originale.
754 2035 1042 2076 Staatsarchiv,
1079 2036 1204 2070 Wien.
1239 2027 1498 2083 Hungarica.)

969 2187 1066 2229 213.

649 2296 900 2350 Szerednye,
925 2308 963 2350 7.
988 2296 1234 2338 Decembris
1255 2308 1381 2351 1535.

111 2408 151 2434 25
471 2386 648 2426 Michael
670 2387 835 2438 Posgay
855 2387 1121 2426 Ferdinando
1143 2387 1175 2426 I.
1198 2387 1282 2438 regi
1304 2388 1557 2439 Hungariae.

311 2488 483 2542 Legatio
509 2487 565 2529 ad
589 2487 817 2529 vaivodam
842 2486 897 2527 M
900 2486 1094 2528 oldavz‘ae
1119 2487 1317 2541 expedita
1344 2493 1381 2529 et
1405 2488 1499 2530 eius
1523 2490 1721 2531 consilia.

309 2593 493 2635 Sacrarna
524 2592 666 2647 Regia
695 2591 922 2634 Maiestas.
957 2590 1150 2633 Domine
1179 2591 1290 2633 mihi
1320 2592 1689 2637 Clementissime.

314 2664 422 2705 Post
457 2663 658 2705 fidelium
692 2661 980 2704 servitiorum
1013 2667 1282 2717 perpetuam
1316 2664 1771 2708 commendationem.

312 2734 502 2776 Noverit
540 2733 755 2775 Maiestas
782 2733 853 2774 Vm
878 2733 1076 2782 Sacram,
1117 2732 1240 2787 quod
1279 2733 1389 2775 dum
1430 2739 1655 2777 oratorem
1692 2736 1863 2779 domini

113 2819 151 2845 30
168 2804 401 2847 waivodae
417 2804 739 2846 Moldaviensis
756 2817 859 2845 cum
877 2802 1094 2844 relatione
1110 2803 1244 2858 plena
1261 2804 1503 2847 remisisset
1520 2806 1589 2848 his
1606 2810 1863 2862 temporum

169 2875 402 2917 disturbiis
424 2875 686 2917 nullomodo
708 2874 867 2916 itinere
890 2873 979 2922 illo,
1004 2887 1095 2928 quo
1117 2887 1384 2916 veneramus
1406 2876 1578 2931 regredi
1601 2890 1737 2919 ausus
1760 2878 1861 2928 fuit,

169 2946 380 2987 hortatus
405 2945 561 3001 itaque
586 2959 672 2994 me,
699 2949 750 2986 ut
778 2944 925 2999 ipsum
951 2943 1040 2985 alia
1064 2943 1139 2985 via
1165 2943 1464 2995 intmducem,
1491 2960 1547 2988 ne
1572 2947 1683 3002 quid
1708 2948 1863 2990 damni

170 3015 382 3058 Maiestas
421 3016 494 3058 Vra
533 3015 772 3071 superinde
822 3018 1068 3069 pateretur,
1111 3015 1313 3069 oportuit
1365 3016 1536 3071 ingredi
1575 3031 1772 3060 unacum
1811 3033 1863 3061 eo

169 3099 313 3141 usque
333 3086 392 3128 ad
412 3086 647 3128 dominum
668 3085 937 3127 waivodam.
962 3084 1074 3126 Cum
1095 3089 1250 3126 autem
1271 3085 1365 3141 ipse
1386 3087 1592 3143 Maylath
1613 3088 1862 3144 ingressum

115 3169 152 3195 35
171 3170 322 3198 meum
345 3156 655 3206 intellexisset,
682 3155 892 3198 omnibus
907 3169 962 3197 ex
977 3154 1185 3210 partibus
1208 3155 1331 3197 viam
1361 3157 1550 3201 obsedit.
1578 3159 1682 3201 Hoc
1706 3160 1864 3203 audito
