<?xml version="1.0" encoding="UTF-8"?>
<!DOCTYPE html PUBLIC "-//W3C//DTD XHTML 1.0 Transitional//EN"
    "http://www.w3.org/TR/xhtml1/DTD/xhtml1-transitional.dtd">
<html xmlns="http://www.w3.org/1999/xhtml" xml:lang="en" lang="en">
 <head>
  <title>
</title>
<meta http-equiv="Content-Type" content="text/html;charset=utf-8" />
  <meta name='ocr-system' content='tesseract 3.04.00' />
  <meta name='ocr-capabilities' content='ocr_page ocr_carea ocr_par ocr_line ocrx_word'/>
</head>
<body>
  <div class='ocr_page' id='page_1' title='image "actaetepistolaer01vereuoft_0387.png"; bbox 0 0 2209 3643; ppageno 0'>
   <div class='ocr_carea' id='block_1_1' title="bbox 648 791 1482 845">
    <p class='ocr_par' dir='ltr' id='par_1_1' title="bbox 648 791 1482 845">
     <span class='ocr_line' id='line_1_1' title="bbox 648 791 1482 845; baseline -0.002 -1"><span class='ocrx_word' id='word_1_1' title='bbox 648 793 971 845; x_wconf 61' lang='lat' dir='ltr'><strong>TABULA</strong></span> <span class='ocrx_word' id='word_1_2' title='bbox 1038 791 1482 845; x_wconf 81' lang='lat' dir='ltr'><strong>MATERIAE.</strong></span> 
     </span>
    </p>
   </div>
   <div class='ocr_carea' id='block_1_2' title="bbox 924 1560 1202 1568">
    <p class='ocr_par' dir='ltr' id='par_1_2' title="bbox 924 1560 1202 1568">
     <span class='ocr_line' id='line_1_2' title="bbox 924 1560 1202 1568; baseline 0 2075"><span class='ocrx_word' id='word_1_3' title='bbox 924 1560 1202 1568; x_wconf 95' lang='lat' dir='ltr'> </span> 
     </span>
    </p>
   </div>
   <div class='ocr_carea' id='block_1_3' title="bbox 210 998 1910 2497">
    <p class='ocr_par' dir='ltr' id='par_1_3' title="bbox 212 998 1910 1165">
     <span class='ocr_line' id='line_1_3' title="bbox 212 998 1910 1038; baseline -0.002 0"><span class='ocrx_word' id='word_1_4' title='bbox 212 1003 417 1038; x_wconf 79' lang='lat' dir='ltr'>Praefatio</span> <span class='ocrx_word' id='word_1_5' title='bbox 1465 1028 1472 1036; x_wconf 89' lang='lat'><strong>.</strong></span> <span class='ocrx_word' id='word_1_6' title='bbox 1632 1028 1639 1035; x_wconf 94' lang='lat'><strong>.</strong></span> <span class='ocrx_word' id='word_1_7' title='bbox 1668 1028 1676 1035; x_wconf 94' lang='lat'><strong>.</strong></span> <span class='ocrx_word' id='word_1_8' title='bbox 1875 998 1910 1031; x_wconf 86' lang='lat' dir='ltr'>V</span> 
     </span>
     <span class='ocr_line' id='line_1_4' title="bbox 259 1030 1905 1106; baseline -0.003 -10"><span class='ocrx_word' id='word_1_9' title='bbox 259 1062 290 1096; x_wconf 91' lang='lat' dir='ltr'>I.</span> <span class='ocrx_word' id='word_1_10' title='bbox 321 1062 424 1096; x_wconf 82' lang='lat' dir='ltr'>Aeta</span> <span class='ocrx_word' id='word_1_11' title='bbox 451 1063 492 1095; x_wconf 91' lang='lat' dir='ltr'>et</span> <span class='ocrx_word' id='word_1_12' title='bbox 519 1030 723 1106; x_wconf 80' lang='lat' dir='ltr'>epistolae.</span> <span class='ocrx_word' id='word_1_13' title='bbox 731 1030 846 1104; x_wconf 39' lang='lat' dir='ltr'>N(No.</span> <span class='ocrx_word' id='word_1_14' title='bbox 881 1059 1116 1103; x_wconf 80' lang='lat'>1—264.)...</span> <span class='ocrx_word' id='word_1_15' title='bbox 1890 1067 1905 1091; x_wconf 92' lang='lat'>1</span> 
     </span>
     <span class='ocr_line' id='line_1_5' title="bbox 235 1118 1908 1165; baseline -0.002 -10"><span class='ocrx_word' id='word_1_16' title='bbox 235 1121 290 1156; x_wconf 93' lang='lat' dir='ltr'>II.</span> <span class='ocrx_word' id='word_1_17' title='bbox 321 1120 595 1165; x_wconf 82' lang='lat' dir='ltr'>Epistolarum</span> <span class='ocrx_word' id='word_1_18' title='bbox 622 1122 805 1154; x_wconf 83' lang='lat' dir='ltr'>auctores</span> <span class='ocrx_word' id='word_1_19' title='bbox 833 1121 874 1152; x_wconf 92' lang='lat' dir='ltr'>et</span> <span class='ocrx_word' id='word_1_20' title='bbox 901 1118 1057 1153; x_wconf 79' lang='lat' dir='ltr'>titulati</span> <span class='ocrx_word' id='word_1_21' title='bbox 1834 1126 1908 1160; x_wconf 86' lang='lat'>307</span> 
     </span>
    </p>

    <p class='ocr_par' dir='ltr' id='par_1_4' title="bbox 213 1178 1910 1395">
     <span class='ocr_line' id='line_1_6' title="bbox 213 1178 1903 1224; baseline -0.004 -10"><span class='ocrx_word' id='word_1_22' title='bbox 213 1180 291 1215; x_wconf 93' lang='lat' dir='ltr'>III.</span> <span class='ocrx_word' id='word_1_23' title='bbox 322 1180 439 1220; x_wconf 82' lang='lat' dir='ltr'>Loca,</span> <span class='ocrx_word' id='word_1_24' title='bbox 469 1179 539 1214; x_wconf 92' lang='lat' dir='ltr'>ubi</span> <span class='ocrx_word' id='word_1_25' title='bbox 566 1178 759 1224; x_wconf 82' lang='lat' dir='ltr'>epistolae</span> <span class='ocrx_word' id='word_1_26' title='bbox 786 1178 907 1212; x_wconf 80' lang='lat' dir='ltr'>datae</span> <span class='ocrx_word' id='word_1_27' title='bbox 935 1180 1030 1212; x_wconf 83' lang='lat' dir='ltr'>sunt</span> <span class='ocrx_word' id='word_1_28' title='bbox 1833 1184 1903 1218; x_wconf 88' lang='lat'>311</span> 
     </span>
     <span class='ocr_line' id='line_1_7' title="bbox 224 1236 1906 1283; baseline -0.004 -10"><span class='ocrx_word' id='word_1_29' title='bbox 224 1239 293 1273; x_wconf 91' lang='lat' dir='ltr'>IV.</span> <span class='ocrx_word' id='word_1_30' title='bbox 321 1239 480 1278; x_wconf 82' lang='lat' dir='ltr'><strong>Fontes,</strong></span> <span class='ocrx_word' id='word_1_31' title='bbox 511 1248 561 1272; x_wconf 85' lang='lat' dir='ltr'>ex</span> <span class='ocrx_word' id='word_1_32' title='bbox 588 1238 734 1283; x_wconf 85' lang='lat' dir='ltr'>quibus</span> <span class='ocrx_word' id='word_1_33' title='bbox 763 1236 956 1282; x_wconf 81' lang='lat' dir='ltr'>epistolae</span> <span class='ocrx_word' id='word_1_34' title='bbox 983 1236 1115 1270; x_wconf 82' lang='lat' dir='ltr'>editae</span> <span class='ocrx_word' id='word_1_35' title='bbox 1143 1238 1238 1269; x_wconf 86' lang='lat' dir='ltr'>sunt</span> <span class='ocrx_word' id='word_1_36' title='bbox 1770 1263 1777 1270; x_wconf 95' lang='lat'>.</span> <span class='ocrx_word' id='word_1_37' title='bbox 1835 1244 1906 1277; x_wconf 85' lang='lat'>313</span> 
     </span>
     <span class='ocr_line' id='line_1_8' title="bbox 243 1297 1907 1342; baseline -0.003 -10"><span class='ocrx_word' id='word_1_38' title='bbox 243 1298 291 1332; x_wconf 90' lang='lat' dir='ltr'>V.</span> <span class='ocrx_word' id='word_1_39' title='bbox 321 1297 537 1342; x_wconf 81' lang='lat' dir='ltr'>Catalogus</span> <span class='ocrx_word' id='word_1_40' title='bbox 564 1299 778 1331; x_wconf 79' lang='lat' dir='ltr'>auctorum</span> <span class='ocrx_word' id='word_1_41' title='bbox 1701 1322 1726 1329; x_wconf 94' lang='lat'>..</span> <span class='ocrx_word' id='word_1_42' title='bbox 1835 1303 1907 1337; x_wconf 85' lang='lat'>315</span> 
     </span>
     <span class='ocr_line' id='line_1_9' title="bbox 224 1355 1910 1396; baseline -0.004 -5"><span class='ocrx_word' id='word_1_43' title='bbox 224 1357 295 1391; x_wconf 93' lang='lat' dir='ltr'>VI.</span> <span class='ocrx_word' id='word_1_44' title='bbox 324 1357 452 1391; x_wconf 89' lang='lat' dir='ltr'>Index</span> <span class='ocrx_word' id='word_1_45' title='bbox 481 1356 668 1396; x_wconf 87' lang='lat' dir='ltr'>locorum,</span> <span class='ocrx_word' id='word_1_46' title='bbox 700 1355 954 1389; x_wconf 89' lang='lat' dir='ltr'>nominorum</span> <span class='ocrx_word' id='word_1_47' title='bbox 981 1357 1023 1388; x_wconf 92' lang='lat' dir='ltr'>et</span> <span class='ocrx_word' id='word_1_48' title='bbox 1050 1364 1181 1388; x_wconf 91' lang='lat' dir='ltr'>rerum</span> <span class='ocrx_word' id='word_1_49' title='bbox 1835 1361 1910 1395; x_wconf 88' lang='lat'>317</span> 
     </span>
    </p>

    <p class='ocr_par' dir='ltr' id='par_1_5' title="bbox 210 1411 1910 1460">
     <span class='ocr_line' id='line_1_10' title="bbox 210 1411 1910 1460; baseline -0.004 -11"><span class='ocrx_word' id='word_1_50' title='bbox 210 1415 338 1450; x_wconf 82' lang='lat' dir='ltr'>Series</span> <span class='ocrx_word' id='word_1_51' title='bbox 366 1418 569 1451; x_wconf 89' lang='lat' dir='ltr'>tomorum</span> <span class='ocrx_word' id='word_1_52' title='bbox 597 1425 720 1460; x_wconf 79' lang='lat' dir='ltr'>quam</span> <span class='ocrx_word' id='word_1_53' title='bbox 747 1414 899 1448; x_wconf 83' lang='lat' dir='ltr'>habent</span> <span class='ocrx_word' id='word_1_54' title='bbox 927 1414 1075 1447; x_wconf 80' lang='lat' dir='ltr'>Fontes</span> <span class='ocrx_word' id='word_1_55' title='bbox 1104 1413 1253 1446; x_wconf 83' lang='lat' dir='ltr'>Rerum</span> <span class='ocrx_word' id='word_1_56' title='bbox 1280 1411 1730 1456; x_wconf 79' lang='lat' dir='ltr'>Transylvanicarum...</span> <span class='ocrx_word' id='word_1_57' title='bbox 1836 1420 1910 1454; x_wconf 84' lang='lat'>340</span> 
     </span>
    </p>

    <p class='ocr_par' dir='ltr' id='par_1_6' title="bbox 214 1767 1910 2497">
     <span class='ocr_line' id='line_1_11' title="bbox 817 1767 1311 1822; baseline 0 0"><span class='ocrx_word' id='word_1_58' title='bbox 817 1771 857 1822; x_wconf 91' lang='lat' dir='ltr'>F</span> <span class='ocrx_word' id='word_1_59' title='bbox 866 1767 1311 1822; x_wconf 67' lang='lat' dir='ltr'><strong>ACbIMILIA.</strong></span> 
     </span>
     <span class='ocr_line' id='line_1_12' title="bbox 214 1977 1778 2028; baseline -0.004 -10"><span class='ocrx_word' id='word_1_60' title='bbox 214 1983 525 2028; x_wconf 83' lang='lat' dir='ltr'>Autographum</span> <span class='ocrx_word' id='word_1_61' title='bbox 555 1983 732 2016; x_wconf 82' lang='lat' dir='ltr'>Thomae</span> <span class='ocrx_word' id='word_1_62' title='bbox 760 1982 809 2015; x_wconf 63' lang='lat' dir='ltr'>W</span> <span class='ocrx_word' id='word_1_63' title='bbox 811 1981 939 2026; x_wconf 81' lang='lat' dir='ltr'>ajdae</span> <span class='ocrx_word' id='word_1_64' title='bbox 971 1980 1208 2025; x_wconf 80' lang='lat' dir='ltr'>(Moldaviae</span> <span class='ocrx_word' id='word_1_65' title='bbox 1233 1980 1396 2013; x_wconf 82' lang='lat' dir='ltr'>—Baia</span> <span class='ocrx_word' id='word_1_66' title='bbox 1421 1999 1472 2003; x_wconf 78' lang='lat'>—</span> <span class='ocrx_word' id='word_1_67' title='bbox 1496 1991 1531 2023; x_wconf 87' lang='lat'>4.</span> <span class='ocrx_word' id='word_1_68' title='bbox 1574 1977 1778 2012; x_wconf 83' lang='lat' dir='ltr'>Februarii</span> 
     </span>
     <span class='ocr_line' id='line_1_13' title="bbox 362 2042 1907 2086; baseline -0.004 -10"><span class='ocrx_word' id='word_1_69' title='bbox 362 2052 470 2086; x_wconf 85' lang='lat'>1522</span> <span class='ocrx_word' id='word_1_70' title='bbox 475 2042 485 2086; x_wconf 96' lang='lat'>)</span> <span class='ocrx_word' id='word_1_71' title='bbox 815 2069 822 2076; x_wconf 92' lang='lat'>.</span> <span class='ocrx_word' id='word_1_72' title='bbox 1055 2068 1062 2075; x_wconf 97' lang='lat'>.</span> <span class='ocrx_word' id='word_1_73' title='bbox 1240 2067 1266 2075; x_wconf 89' lang='lat'>..</span> <span class='ocrx_word' id='word_1_74' title='bbox 1838 2046 1907 2079; x_wconf 87' lang='lat'>123</span> 
     </span>
     <span class='ocr_line' id='line_1_14' title="bbox 216 2068 1908 2144; baseline -0.004 -9"><span class='ocrx_word' id='word_1_75' title='bbox 216 2100 394 2135; x_wconf 79' lang='lat' dir='ltr'>Litterae</span> <span class='ocrx_word' id='word_1_76' title='bbox 415 2100 524 2135; x_wconf 88' lang='lat' dir='ltr'>Petri</span> <span class='ocrx_word' id='word_1_77' title='bbox 550 2101 675 2134; x_wconf 82' lang='lat' dir='ltr'>Rares</span> <span class='ocrx_word' id='word_1_78' title='bbox 703 2099 900 2134; x_wconf 77' lang='lat' dir='ltr'>vaivodae</span> <span class='ocrx_word' id='word_1_79' title='bbox 917 2068 1161 2132; x_wconf 69' lang='lat' dir='ltr'>Nioldaviae.</span> <span class='ocrx_word' id='word_1_80' title='bbox 1193 2097 1416 2144; x_wconf 41' lang='lat' dir='ltr'>(Botossani,</span> <span class='ocrx_word' id='word_1_81' title='bbox 1445 2107 1504 2140; x_wconf 87' lang='lat'>31.</span> <span class='ocrx_word' id='word_1_82' title='bbox 1531 2095 1627 2141; x_wconf 86' lang='lat' dir='ltr'>Julii</span> <span class='ocrx_word' id='word_1_83' title='bbox 1656 2095 1779 2140; x_wconf 83' lang='lat'>1529.)</span> <span class='ocrx_word' id='word_1_84' title='bbox 1840 2105 1908 2139; x_wconf 83' lang='lat'>195</span> 
     </span>
     <span class='ocr_line' id='line_1_15' title="bbox 217 2153 1785 2204; baseline -0.004 -11"><span class='ocrx_word' id='word_1_85' title='bbox 217 2159 416 2193; x_wconf 85' lang='lat' dir='ltr'>Proelium</span> <span class='ocrx_word' id='word_1_86' title='bbox 432 2169 553 2204; x_wconf 84' lang='lat' dir='ltr'>penes</span> <span class='ocrx_word' id='word_1_87' title='bbox 569 2159 762 2203; x_wconf 88' lang='lat' dir='ltr'>Obertyn,</span> <span class='ocrx_word' id='word_1_88' title='bbox 782 2168 842 2192; x_wconf 90' lang='lat'>22.</span> <span class='ocrx_word' id='word_1_89' title='bbox 861 2157 1032 2202; x_wconf 79' lang='lat' dir='ltr'>Augusti</span> <span class='ocrx_word' id='word_1_90' title='bbox 1051 2167 1159 2202; x_wconf 83' lang='lat'>1531.</span> <span class='ocrx_word' id='word_1_91' title='bbox 1183 2157 1230 2200; x_wconf 88' lang='lat' dir='ltr'>(E</span> <span class='ocrx_word' id='word_1_92' title='bbox 1247 2156 1431 2190; x_wconf 82' lang='lat' dir='ltr'>chronica</span> <span class='ocrx_word' id='word_1_93' title='bbox 1446 2155 1611 2189; x_wconf 82' lang='lat' dir='ltr'>Martini</span> <span class='ocrx_word' id='word_1_94' title='bbox 1627 2153 1785 2188; x_wconf 86' lang='lat' dir='ltr'>Bielscii</span> 
     </span>
     <span class='ocr_line' id='line_1_16' title="bbox 360 2214 1784 2261; baseline -0.003 -11"><span class='ocrx_word' id='word_1_95' title='bbox 360 2218 558 2252; x_wconf 83' lang='lat' dir='ltr'>«Kronika</span> <span class='ocrx_word' id='word_1_96' title='bbox 583 2218 655 2252; x_wconf 88' lang='lat' dir='ltr'>tho</span> <span class='ocrx_word' id='word_1_97' title='bbox 681 2217 786 2251; x_wconf 85' lang='lat' dir='ltr'>iesth</span> <span class='ocrx_word' id='word_1_98' title='bbox 813 2216 1007 2261; x_wconf 78' lang='lat' dir='ltr'>Historya</span> <span class='ocrx_word' id='word_1_99' title='bbox 1039 2215 1180 2249; x_wconf 64' lang='lat' dir='ltr'>§wiata</span> <span class='ocrx_word' id='word_1_100' title='bbox 1205 2225 1257 2249; x_wconf 78' lang='lat' dir='ltr'>na</span> <span class='ocrx_word' id='word_1_101' title='bbox 1284 2215 1390 2248; x_wconf 61' lang='lat' dir='ltr'>szesse</span> <span class='ocrx_word' id='word_1_102' title='bbox 1417 2214 1571 2248; x_wconf 77' lang='lat' dir='ltr'>wiekov</span> <span class='ocrx_word' id='word_1_103' title='bbox 1598 2224 1622 2247; x_wconf 84' lang='lat' dir='ltr'>a</span> <span class='ocrx_word' id='word_1_104' title='bbox 1648 2215 1784 2257; x_wconf 85' lang='lat' dir='ltr'>eztery</span> 
     </span>
     <span class='ocr_line' id='line_1_17' title="bbox 360 2272 1784 2316; baseline -0.003 -7"><span class='ocrx_word' id='word_1_105' title='bbox 360 2277 588 2311; x_wconf 79' lang='lat' dir='ltr'>monarchie</span> <span class='ocrx_word' id='word_1_106' title='bbox 622 2276 871 2310; x_wconf 78' lang='lat' dir='ltr'>rozdzielona</span> <span class='ocrx_word' id='word_1_107' title='bbox 904 2278 978 2309; x_wconf 90' lang='lat' dir='ltr'>ete.</span> <span class='ocrx_word' id='word_1_108' title='bbox 985 2286 999 2307; x_wconf 65' lang='grc' dir='ltr'>ι)</span> <span class='ocrx_word' id='word_1_109' title='bbox 1026 2274 1259 2308; x_wconf 80' lang='lat' dir='ltr'>intitulatae</span> <span class='ocrx_word' id='word_1_110' title='bbox 1291 2293 1343 2297; x_wconf 90' lang='lat'><strong>—</strong></span> <span class='ocrx_word' id='word_1_111' title='bbox 1367 2272 1591 2311; x_wconf 79' lang='lat' dir='ltr'>Cracoviae,</span> <span class='ocrx_word' id='word_1_112' title='bbox 1624 2273 1784 2316; x_wconf 83' lang='lat'>1564—</span> 
     </span>
     <span class='ocr_line' id='line_1_18' title="bbox 360 2335 1910 2379; baseline -0.01 0"><span class='ocrx_word' id='word_1_113' title='bbox 360 2345 450 2379; x_wconf 67' lang='lat' dir='ltr'>pag</span> <span class='ocrx_word' id='word_1_114' title='bbox 466 2335 567 2379; x_wconf 81' lang='grc'>568)</span> <span class='ocrx_word' id='word_1_115' title='bbox 716 2364 742 2371; x_wconf 91' lang='grc'>..</span> <span class='ocrx_word' id='word_1_116' title='bbox 1346 2361 1372 2368; x_wconf 92' lang='grc'>..</span> <span class='ocrx_word' id='word_1_117' title='bbox 1735 2359 1779 2367; x_wconf 90' lang='grc'>..</span> <span class='ocrx_word' id='word_1_118' title='bbox 1837 2339 1910 2371; x_wconf 85' lang='lat'>229</span> 
     </span>
     <span class='ocr_line' id='line_1_19' title="bbox 215 2361 1909 2436; baseline -0.004 -8"><span class='ocrx_word' id='word_1_119' title='bbox 215 2394 342 2428; x_wconf 81' lang='lat' dir='ltr'>Arma</span> <span class='ocrx_word' id='word_1_120' title='bbox 369 2393 598 2428; x_wconf 81' lang='lat' dir='ltr'>nobilitaria</span> <span class='ocrx_word' id='word_1_121' title='bbox 625 2393 799 2428; x_wconf 81' lang='lat' dir='ltr'>Ladislai</span> <span class='ocrx_word' id='word_1_122' title='bbox 827 2392 1035 2436; x_wconf 80' lang='lat' dir='ltr'>Drakulya</span> <span class='ocrx_word' id='word_1_123' title='bbox 1062 2392 1111 2425; x_wconf 90' lang='lat' dir='ltr'>de</span> <span class='ocrx_word' id='word_1_124' title='bbox 1125 2361 1335 2425; x_wconf 40' lang='grc' dir='ltr'>,ὃθῑηΐθεῒ</span> <span class='ocrx_word' id='word_1_125' title='bbox 1837 2388 1909 2432; x_wconf 83' lang='lat'>248</span> 
     </span>
     <span class='ocr_line' id='line_1_20' title="bbox 215 2448 1910 2497; baseline -0.003 -11"><span class='ocrx_word' id='word_1_126' title='bbox 215 2452 337 2497; x_wconf 82' lang='lat' dir='ltr'>Signa</span> <span class='ocrx_word' id='word_1_127' title='bbox 363 2453 593 2487; x_wconf 81' lang='lat' dir='ltr'>chartarum</span> <span class='ocrx_word' id='word_1_128' title='bbox 619 2453 660 2486; x_wconf 91' lang='lat' dir='ltr'>in</span> <span class='ocrx_word' id='word_1_129' title='bbox 686 2452 860 2486; x_wconf 79' lang='lat' dir='ltr'>Moldav&#39;</span> <span class='ocrx_word' id='word_1_130' title='bbox 840 2462 889 2486; x_wconf 77' lang='lat' dir='ltr'>ia</span> <span class='ocrx_word' id='word_1_131' title='bbox 916 2453 957 2485; x_wconf 87' lang='lat' dir='ltr'>et</span> <span class='ocrx_word' id='word_1_132' title='bbox 983 2451 1018 2484; x_wconf 87' lang='lat' dir='ltr'>V</span> <span class='ocrx_word' id='word_1_133' title='bbox 1020 2450 1174 2485; x_wconf 80' lang='lat' dir='ltr'>alachla</span> <span class='ocrx_word' id='word_1_134' title='bbox 1200 2450 1452 2484; x_wconf 79' lang='lat' dir='ltr'>usitatarum.</span> <span class='ocrx_word' id='word_1_135' title='bbox 1486 2448 1779 2494; x_wconf 83' lang='lat'>(1509—1540.)</span> <span class='ocrx_word' id='word_1_136' title='bbox 1837 2448 1910 2491; x_wconf 86' lang='lat'>306</span> 
     </span>
    </p>
   </div>
  </div>
 </body>
</html>
