2209 3643
140 200 201 235 24.
228 189 320 235 Jan.
361 184 470 239 1508]
914 188 989 223 No.
1014 191 1063 230 69
1788 194 1833 226 91

138 323 342 361 vestrum
369 319 567 362 mittatis
594 318 823 361 hominem
851 332 932 374 pro
959 317 1221 360 testimonio
1248 317 1335 359 fide
1363 317 1564 372 dignum,
1593 329 1684 370 quo
1710 328 1837 370 prae-

138 395 266 432 sente
292 390 508 445 magister
530 390 788 445 Stephanus
828 390 882 431 de
910 389 1075 431 Galacz
1114 394 1194 430 aut
1219 388 1436 430 Salathiel
1463 388 1517 429 de
1545 387 1730 436 Fratha,
1764 384 1837 427 vel

137 461 486 516 Christophorus
512 461 567 503 de
595 460 873 509 Kerezthwr,
900 460 968 501 sin
992 460 1226 514 Johannes
1252 460 1307 502 de
1332 459 1542 508 chhak,
1570 472 1649 500 seu
1676 458 1836 499 Petrus

136 532 191 573 de
219 532 411 581 Bochar,
441 532 538 574 aliis
566 531 831 573 absentibus
858 532 994 573 homo
1022 536 1175 572 noster
1203 531 1257 572 de
1285 530 1389 572 sede
1418 534 1575 572 nostra
1602 527 1837 571 iudiciaria

102 616 215 658 5per
250 617 332 644 nos
370 603 429 645 ad
467 603 514 645 id
552 603 807 658 specialiter
844 602 1136 644 transmissus
1162 602 1309 657 primo
1346 606 1391 642 et
1430 600 1739 656 principaliter
1776 598 1835 640 ad

135 673 275 715 facies
300 674 568 729 praescripti
594 673 731 715 castri
759 673 994 729 Kykellew
1021 673 1179 715 vicinis
1204 677 1249 714 et
1277 671 1602 714 commetaneis
1628 670 1832 712 eiusdem

133 744 269 786 castri
298 745 518 787 universis
546 745 657 786 inibi
685 745 884 799 legitime
912 744 1175 786 convocatis
1203 748 1247 785 et
1277 743 1591 798 praesentibus
1620 741 1833 784 acceden-

132 815 257 857 tibus
284 820 511 858 restatuat
540 815 660 857 idem
690 819 889 857 castrum
919 815 1156 871 Kykellew
1184 814 1423 856 simulcum
1452 813 1586 856 dictis
1613 811 1834 855 universis

132 887 503 941 possessionibus,
539 887 913 942 portionibusque
946 891 990 928 et
1024 886 1196 927 iuribus
1228 884 1588 941 possessionariis
1621 884 1680 925 ad
1712 883 1832 926 idem

75 972 112 1000 10
130 958 459 1012 spectantibus,
484 958 672 1012 aliisque
695 958 870 999 cunctis
893 957 1171 999 utilitatibus
1194 961 1239 998 et
1263 956 1549 1011 pertinentiis
1571 955 1662 996 suis
1685 954 1833 996 eidem

130 1028 340 1070 dominae
388 1029 543 1070 actrici
589 1029 836 1084 praemisso
883 1028 976 1070 iure
1023 1028 1107 1069 sibi
1155 1027 1446 1069 incumbente
1492 1025 1831 1082 possidendum,

130 1099 489 1141 contradictione
542 1100 737 1154 praefati
790 1099 962 1141 domini
1016 1099 1205 1153 Bogdan
1259 1098 1483 1140 vaivodae
1536 1097 1734 1139 convicti
1787 1102 1832 1138 et

130 1170 320 1212 aliorum
351 1171 659 1225 quorumlibet
690 1171 875 1225 praevia
904 1170 1079 1212 ratione
1108 1183 1199 1211 non
1230 1169 1444 1211 obstante
1467 1182 1475 1218 ;
1507 1168 1695 1210 tandem
1725 1181 1832 1209 vero

130 1241 189 1282 ad
211 1241 348 1282 facies
370 1246 638 1283 cunctorum
662 1242 852 1283 aliorum
875 1242 1099 1283 bonorum
1121 1246 1166 1282 et
1189 1240 1353 1282 iurium
1376 1239 1832 1295 possessionariorum

75 1328 114 1355 15
130 1312 330 1354 eiusdem
367 1312 539 1354 domini
576 1312 766 1367 Bogdan
802 1312 1027 1354 vaivodae
1063 1312 1212 1353 ubivis
1249 1311 1369 1353 intra
1406 1310 1632 1352 ambitum
1669 1310 1832 1351 harum

129 1383 330 1438 partium
373 1383 815 1438 Transsylvanarum
858 1383 1135 1432 habitorum,
1181 1382 1330 1437 ipsum
1373 1382 1519 1423 solum
1564 1381 1742 1437 proprie
1787 1385 1831 1422 et

129 1454 328 1509 praecise
357 1454 726 1496 concernentium
757 1454 916 1496 vicinis
945 1459 989 1496 et
1020 1453 1344 1495 commetaneis
1373 1452 1620 1494 eorundem
1650 1466 1702 1494 ac
1730 1452 1832 1493 filiis

129 1529 174 1566 et
209 1525 389 1567 filiabus
425 1529 469 1567 et
505 1525 808 1580 generationis
844 1525 1044 1567 eiusdem
1082 1524 1278 1566 convicti
1314 1523 1573 1565 hominibus
1608 1523 1830 1565 universis

129 1596 240 1637 inibi
285 1596 483 1650 legitime
530 1596 793 1638 convocatis
839 1601 883 1638 et
931 1595 1244 1651 praesentibus
1291 1594 1625 1643 accedentibus
1673 1594 1832 1636 habita

75 1684 111 1711 20
129 1667 253 1722 prius
282 1667 529 1709 eorundem
560 1667 725 1709 iurium
756 1667 1209 1722 possessionariorum
1240 1666 1442 1720 legitima
1472 1665 1831 1707 reambulatione

128 1742 173 1780 et
200 1738 424 1793 condigna
450 1738 781 1788 aestimatione,
804 1738 994 1780 exclusis
1015 1738 1153 1779 etiam
1180 1737 1303 1792 prius
1328 1736 1614 1792 portionibus
1640 1737 1831 1778 aliorum

129 1809 436 1864 quorumlibet
463 1809 519 1851 de
545 1809 714 1851 eisdem
741 1814 785 1851 et
812 1809 958 1864 primo
985 1809 1039 1850 de
1066 1808 1199 1850 rebus
1226 1812 1270 1849 et
1296 1808 1428 1849 bonis
1453 1808 1546 1849 suis
1571 1807 1828 1856 mobilibus,

129 1880 318 1921 tandem
347 1894 469 1929 vero,
499 1880 536 1922 si
564 1894 744 1922 necesse
772 1880 922 1929 fuerit,
953 1879 1008 1921 de
1037 1880 1099 1921 eis
1127 1879 1299 1920 iuribus
1327 1878 1688 1934 possessionariis
1716 1878 1829 1920 eius-

129 1950 233 1992 dem
271 1951 469 1993 convicti
506 1956 577 1993 tot
615 1956 660 1993 et
699 1955 897 2000 tantum,
938 1955 1050 2005 quot
1088 1950 1298 1991 videlicet
1337 1954 1382 1991 et
1421 1954 1648 2004 quantum
1685 1963 1731 1991 se
1770 1949 1828 1991 ad

75 2039 113 2065 25
130 2022 330 2064 valorem
357 2022 584 2064 dictarum
612 2026 796 2064 centum
823 2035 1079 2063 marcarum
1105 2020 1430 2075 homagialium
1457 2020 1828 2075 quadringentos,

130 2097 181 2134 ut
210 2093 508 2148 praemissum
538 2097 621 2143 est,
651 2093 843 2135 florenos
873 2092 971 2134 auri
1000 2091 1279 2141 facientium,
1310 2091 1554 2133 extendere
1583 2090 1827 2139 videbitur,

129 2164 382 2219 separando
434 2168 479 2206 et
531 2164 781 2206 excidendo
835 2167 1037 2218 occupet,
1092 2167 1406 2217 occupataque
1457 2166 1641 2204 tanturn
1693 2161 1830 2204 modo

129 2235 340 2276 manibus
354 2235 587 2290 praefatae
603 2235 813 2277 dominae
828 2234 1006 2276 actricis
1021 2233 1217 2289 applicet
1238 2237 1283 2274 et
1311 2233 1507 2288 assignet
1523 2233 1659 2274 titulo
1674 2232 1830 2288 pigno-

130 2305 190 2346 ris
226 2305 512 2361 possidenda.
551 2306 846 2360 Tandemque
883 2305 1041 2347 eadem
1079 2304 1176 2345 iura
1214 2304 1565 2358 possessionaria
1589 2308 1828 2359 occupata,

75 2393 114 2420 30
129 2390 246 2431 quae
276 2381 678 2432 supermanserunt
709 2377 755 2418 in
786 2377 964 2418 duabus
993 2375 1159 2417 nostris
1189 2374 1447 2425 iudiciariis,
1479 2375 1525 2416 in
1556 2374 1694 2416 tertia
1722 2388 1830 2416 vero

129 2447 336 2502 partibus
353 2448 586 2490 antefatae
602 2448 813 2490 dominae
831 2447 1021 2496 actricis
1040 2446 1182 2501 partis
1199 2445 1367 2487 scilicet
1384 2445 1602 2487 adversae
1618 2445 1830 2487 manibus

129 2518 308 2560 tamdiu
330 2532 410 2573 per
431 2532 513 2560 nos
536 2523 581 2561 et
604 2519 796 2560 eandem
820 2522 997 2573 partem
1022 2517 1276 2565 adversam,
1301 2516 1444 2558 donec
1466 2516 1625 2558 eadem
1650 2530 1676 2557 a
1698 2516 1829 2557 nobis

130 2593 175 2630 et
202 2589 300 2644 ipsa
325 2594 456 2644 parte
483 2589 675 2631 adversa
694 2589 739 2630 in
756 2589 980 2644 condigna
1006 2587 1325 2629 aestimatione
1350 2587 1648 2636 redimantur,
1676 2586 1829 2628 simili-

130 2663 199 2701 ter
234 2659 369 2702 titulo
406 2660 604 2715 pignoris
640 2665 818 2702 statuat
856 2658 1129 2715 possidenda
1164 2671 1341 2713 semper
1376 2671 1431 2699 ex
1469 2657 1828 2700 contradictione

76 2746 116 2773 35
129 2730 324 2785 praefati
348 2730 520 2773 domini
546 2731 737 2786 Bogdan
762 2730 986 2772 vaivodae
1011 2728 1209 2771 convicti
1233 2732 1278 2770 et
1304 2728 1494 2770 aliorum
1521 2728 1827 2783 quorumlibet

131 2801 315 2855 praevia
339 2802 515 2844 ratione
540 2816 631 2844 non
658 2802 885 2844 obstante.
914 2801 1005 2842 Res
1030 2800 1169 2841 etiam
1191 2803 1235 2841 et
1256 2799 1378 2841 bona
1397 2799 1599 2841 eiusdem
1614 2799 1827 2849 convicti,

130 2871 167 2912 si
198 2885 315 2926 quae
334 2872 525 2927 reperire
546 2873 714 2928 poterit
750 2871 886 2914 modo
920 2870 1054 2912 simili
1088 2869 1279 2911 exclusis
1313 2870 1599 2925 portionibus
1634 2869 1827 2911 aliorum

132 2942 439 2996 quorumlibet
468 2943 523 2985 de
551 2943 721 2985 eisdem
749 2943 957 2991 aufferat,
988 2940 1259 2995 easdemque
1287 2945 1332 2982 et
1362 2940 1520 2982 eadem
1549 2940 1754 2982 similiter
1781 2940 1827 2982 in

132 3012 311 3054 duabus
350 3014 516 3055 nostris
556 3013 813 3062 iudiciariis,
850 3013 895 3054 in
926 3011 1062 3054 tertia
1102 3024 1208 3052 vero
1249 3011 1456 3066 partibus
1496 3011 1646 3053 dictae
1685 3012 1828 3067 partis

75 3103 112 3130 40
133 3082 349 3125 adversae
363 3084 574 3126 manibus
596 3084 792 3139 applicet
813 3087 858 3125 et
880 3083 1089 3137 assignet.
1118 3081 1211 3123 Illis
1225 3086 1394 3131 autem,
1411 3082 1489 3137 qui
1509 3095 1555 3123 se
1569 3082 1829 3124 huiusmodi

134 3152 231 3195 iura
249 3154 600 3209 possessionaria
624 3159 847 3210 occupata
861 3153 1077 3195 redimere
1098 3152 1211 3194 velle
1232 3157 1519 3195 asseruerunt
1537 3153 1620 3208 [ad]
1640 3157 1828 3194 octavas
