2209 3643
331 183 380 227 64
1100 174 1175 207 No.
1198 183 1244 218 53
1715 167 1765 221 [5.
1797 172 1887 217 Jan.
1924 183 2019 218 1503

330 308 706 366 pertinentiarum
738 302 1077 358 integritatibus
1110 301 1271 356 quovis
1302 300 1496 343 nominis
1528 301 1751 343 vocabulo
1783 301 2022 356 appellatis

327 378 571 436 Spectabili
605 382 649 418 et
687 374 928 429 Magnifico
964 373 1063 415 Viro
1095 373 1327 427 Stephano
1360 372 1610 427 wayvodae
1646 371 1943 414 Moldaviensi
1977 377 2022 414 et

331 451 548 505 Bogdano
582 447 676 488 filio
710 445 911 488 eiusdem
945 458 1027 499 pro
1062 443 1239 485 duobus
1274 443 1455 484 milibus
1506 442 1782 484 florenorum
1831 442 1930 484 auri
1963 443 2022 485 ab

327 522 510 568 eisdem,
527 523 577 559 ut
594 516 725 565 dixit,
753 516 883 571 plene
907 514 1099 569 receptis
1126 514 1337 562 dedisset,
1353 513 1629 556 vendidisset
1645 518 1689 554 et
1708 512 2020 568 inscripsisset,

329 593 468 633 immo
477 588 616 637 dedit,
627 586 834 629 vendidit
844 591 888 628 et
905 584 1130 640 inscripsit
1146 589 1302 626 nostra
1310 584 1356 626 in
1369 583 1625 639 praesentia
1640 584 1733 625 iure
1741 589 1961 639 perpetuo
1975 589 2020 627 et
2058 598 2074 624 5

331 659 681 704 irrevocabiliter
689 657 949 705 tenendam,
966 656 1301 711 possidendam,
1312 655 1481 710 pariter
1495 660 1539 697 et
1555 655 1828 703 habendam,
1848 654 2022 697 nullum

332 733 399 774 ius
426 731 497 773 vel
524 729 630 771 iuris
657 734 702 771 et
730 727 918 770 dominii
960 726 1287 782 proprietatem
1315 726 1360 768 in
1388 725 1665 781 praescripta
1691 725 1826 767 totali
1851 739 2023 780 posses-

326 804 450 846 sione
470 800 627 856 sibipsi
648 799 935 847 reservando,
958 798 1037 840 sed
1057 803 1210 840 totum
1231 802 1276 839 et
1298 811 1429 839 omne
1452 797 1522 838 ius
1544 811 1596 838 ac
1617 796 1806 838 dominii
1826 796 2023 851 proprie-

332 879 491 922 tatem,
531 872 568 913 si
606 871 730 925 quod
768 875 814 912 et
853 884 993 924 quam
1033 868 1078 910 in
1116 868 1275 910 eadem
1313 867 1593 923 possessione
1630 866 1766 909 totali
1804 867 2024 909 hactenus

328 943 560 987 habuisset
588 942 660 984 vel
688 941 829 984 etiam
858 940 904 982 in
932 941 1139 982 futurum
1167 953 1214 981 se
1242 939 1407 980 habere
1435 937 1734 994 sperasset‚in
1763 937 2025 992 praefatum
2038 950 2074 978 10

327 1015 610 1070 Stephanum
633 1018 678 1055 et
703 1012 895 1067 Bogdan
930 1011 1077 1052 filium
1099 1010 1301 1052 eiusdem
1324 1010 1597 1064 heredesque
1621 1009 1823 1063 ipsorum
1845 1008 2024 1050 univer-

328 1100 400 1128 sos
436 1084 749 1128 transferendo
784 1083 919 1138 pleno
949 1082 1073 1131 iure;
1111 1081 1382 1123 assumendo
1411 1080 1730 1122 nichilominus
1750 1084 2025 1122 annotatum

324 1158 583 1212 Johannem
608 1155 780 1210 Banffy
817 1158 1094 1195 memoratos
1128 1152 1414 1207 Stephanum
1440 1151 1711 1207 wayvodam
1749 1156 1795 1192 et
1835 1151 2025 1205 Bogdan

329 1228 474 1270 filium
503 1227 704 1269 eiusdem
732 1225 1009 1279 heredesque
1038 1224 1239 1278 ipsorum
1268 1223 1500 1264 universos
1530 1222 1575 1263 in
1605 1221 1795 1277 pacifico
1825 1221 2025 1263 dominio

328 1298 651 1355 praetitulatae
684 1296 840 1339 totalis
873 1294 1165 1351 possessionis
1198 1294 1321 1336 Arbo
1354 1298 1513 1335 contra
1544 1292 1769 1347 quoslibet
1801 1291 2025 1347 legitimos
2039 1303 2074 1331 15

330 1369 625 1425 impetitores,
652 1367 902 1410 causidicos
928 1372 972 1409 et
1000 1371 1174 1408 actores
1198 1371 1351 1407 tenere
1377 1379 1427 1406 ac
1454 1364 1693 1406 defendere
1718 1363 1909 1418 propriis
1933 1362 2025 1405 suis

328 1440 558 1484 laboribus
605 1445 649 1482 et
698 1439 917 1494 expensis.
969 1438 1023 1479 In
1070 1437 1196 1478 cuius
1242 1436 1306 1478 rei
1356 1435 1620 1477 memoriam
1667 1434 2025 1488 firmitatemque

330 1516 599 1568 perpetuam
658 1515 917 1565 praesentes
972 1508 1148 1550 litteras
1197 1512 1375 1549 nostras
1436 1505 1733 1561 privilegiales
1786 1504 2025 1560 pendentis

329 1589 373 1625 et
425 1582 678 1624 authentici
731 1581 863 1636 sigilli
915 1579 1058 1622 nostri
1095 1578 1346 1621 munimine
1396 1578 1631 1619 roboratas
1671 1576 1883 1618 duximus
1921 1589 2026 1618 con-

329 1653 564 1696 cedendas.
2039 1657 2079 1685 20

472 1725 646 1766 Datum
681 1723 792 1765 feria
831 1722 982 1770 tertia,
1020 1722 1065 1763 in
1100 1721 1220 1763 festo
1256 1720 1426 1761 Eeatae
1461 1718 1655 1773 Virginis
1688 1717 1867 1761 Luciae.
1892 1718 2025 1759 Anno

332 1794 515 1838 Domini
548 1794 786 1836 Millesimo
820 1792 1184 1848 quingentesimo
1216 1791 1428 1833 secundo.

475 1889 709 1934 (Archivum
730 1891 955 1922 conventus
980 1887 1029 1921 de
1052 1886 1420 1920 Kolozsmonostor.
1444 1883 1715 1918 Protocollum
1735 1882 1937 1918 «Michael»
1957 1881 2025 1916 fol.

331 1950 544 1995 227—228.
567 1948 761 1993 Orszagos
788 1946 984 1986 Leveltar,
1016 1946 1235 1991 Budapest.
1264 1944 1327 1978 Dl.
1358 1944 1509 1988 36405.)

1146 2097 1214 2138 53.
2043 2107 2079 2134 25

866 2208 1010 2257 Euda,
1044 2219 1083 2261 5.
1117 2206 1492 2261 sanzcarii1503.

334 2300 587 2339 Wladislaus
608 2300 665 2339 ΙΙ.
694 2312 767 2338 rex
794 2298 1037 2349 Hungariae
1063 2296 1292 2336 conventui
1325 2295 1522 2334 ecclesiae
1554 2294 1606 2333 de
1642 2293 2026 2332 Kolozsmonostor.

477 2398 747 2440 Mandatum
783 2396 1059 2439 statutorium
1094 2399 1172 2450 pro
1208 2398 1330 2450 parte
1366 2393 1580 2449 Stephani
1615 2393 1819 2434 vaivodae
1854 2391 2029 2434 Molda-

335 2470 430 2511 viae
456 2474 493 2511 et
520 2470 699 2524 Bogdazz
726 2468 932 2510 vaivodae
957 2466 1049 2519 filii
1077 2466 1268 2507 eiusdem
1294 2465 1342 2506 in
1368 2464 1561 2506 dominio
1589 2463 1718 2505 castri
1742 2463 1902 2505 Csicso.

480 2575 752 2617 Wladislaus
800 2574 885 2616 Dei
931 2574 1078 2629 gratia
1124 2587 1202 2614 rex
1250 2571 1511 2626 Hungariae
1558 2575 1603 2613 et
1651 2569 1896 2612 Bohemiae
1942 2573 2027 2611 etc.
2045 2590 2080 2617 30

338 2645 567 2687 Fidelibus
589 2646 755 2688 nostris
778 2644 1023 2687 conventui
1047 2643 1258 2686 ecclesiae
1281 2642 1336 2684 de
1360 2642 1736 2684 Colosmonostra.
1759 2640 1961 2682 Salutem
1983 2643 2029 2681 et

340 2717 547 2770 gratiam.
574 2717 686 2758 Cum
708 2730 790 2758 nos
813 2716 875 2757 illi
898 2715 1098 2764 fassioni,
1135 2713 1385 2762 donationi,
1410 2712 1662 2754 venditioni
1685 2715 1730 2753 et
1753 2709 2028 2765 ascriptioni,

339 2800 453 2840 quas
483 2786 710 2829 Generosa
740 2786 925 2828 domina
953 2785 1122 2841 Sophia
1153 2797 1334 2826 consors
1365 2783 1543 2838 Egregii
1574 2781 1803 2823 Michaelis
1834 2780 1890 2822 de
1920 2780 2029 2829 Zob,

342 2856 436 2897 filia
444 2856 652 2899 videlicet
669 2857 899 2912 Magnifici
915 2856 1109 2898 condam
1125 2854 1322 2897 Ladislai
1339 2854 1421 2894 filii
1436 2853 1558 2907 ol[im
1571 2851 1789 2907 Stephani
1805 2850 2031 2906 Dese]wfy

344 2926 398 2967 de
428 2927 640 2976 Losoncz,
672 2927 727 2969 de
756 2927 891 2969 totali
920 2931 965 2968 et
996 2926 1120 2968 omni
1149 2925 1244 2967 iure
1273 2937 1369 2973 suo,
1401 2923 1438 2965 si
1467 2922 1591 2977 quod
1620 2921 1777 2963 eadem
1807 2921 1853 2962 in
1883 2925 2031 2963 castro
2046 2943 2082 2970 35

341 2996 524 3050 Chycho
561 3001 725 3039 vocato
763 3002 808 3039 et
848 2997 1068 3038 universis
1109 2996 1213 3051 [suis
1247 2993 1542 3049 pertinentiis]
1585 2992 1631 3033 in
1665 2991 1871 3047 partibus
1909 2991 2031 3046 regni

342 3066 484 3106 nostri
511 3066 841 3108 Transsilvanis
870 3067 1171 3108 existentibus
1200 3064 1368 3106 habitis
1398 3063 1771 3118 qualitercunque
1799 3062 2032 3104 habuisset

343 3139 424 3176 aut
457 3149 503 3177 se
536 3137 797 3178 habituram
830 3141 1052 3192 sperasset
1087 3134 1394 3177 mediantibus
1416 3133 1578 3175 litteris
1602 3133 1790 3188 capituli
1823 3132 2033 3174 ecclesiae
