2209 3643
207 205 264 239 15.
287 193 382 228 Maii
406 188 518 242 1530]
966 192 1040 226 No.
1068 193 1134 236 165
1826 200 1899 235 207

195 324 317 367 circa
346 324 514 366 festum
543 324 714 365 Beatae
744 323 907 365 Luciae
936 323 1131 377 Virginis
1171 323 1402 378 quendam
1430 327 1638 364 nostrum
1667 321 1896 363 hominem
1925 350 1969 378 η,
1995 342 2067 371 Dec.

195 410 299 438 curn
321 395 498 444 litteris,
522 394 688 449 quibus
710 394 874 436 iterum
908 394 1215 436 vastationem
1249 399 1294 436 et
1322 394 1564 449 perniciem
1586 393 1787 435 fidelium
1810 393 1898 433 Vme

196 460 277 509 Mtis
311 466 427 508 clare
462 465 725 514 enodamus,
761 465 930 506 auxilia
975 465 1034 506 ad
1080 465 1300 507 malorum
1335 465 1469 507 huius
1508 463 1897 519 propulsationem

196 542 419 594 petentes,
439 537 517 592 qui
534 542 688 579 noster
705 536 894 577 nuntius
911 536 1013 578 licet
1033 536 1276 579 difficulter
1294 536 1353 578 ad
1371 536 1606 578 Poloniam
1623 534 1894 590 pervenerit,

160 614 351 651 stamen
380 622 460 663 per
489 607 696 650 dominos
725 620 930 662 proceres
960 607 1128 648 ibidem
1158 607 1432 655 existentes,'
1450 607 1616 661 quibus
1645 610 1690 648 et
1721 605 1897 647 litteras

195 684 375 722 nostras
419 678 745 734 praesentavit,
804 677 1017 720 detentus
1073 683 1155 727 est,
1208 692 1290 720 nec
1336 678 1395 719 ad
1440 678 1539 719 Vm„
1595 675 1896 719 Serenitatem

195 751 371 799 missus,
394 763 486 804 quo
507 749 576 798 fit,
599 754 650 791 ut
671 762 805 803 super
825 749 991 790 nostris
1011 749 1418 804 supplicationibus
1439 748 1610 790 nullam
1631 747 1896 789 relationem

195 821 361 863 habere
393 820 640 875 potuimus,
675 819 754 861 sed
787 819 831 860 in
865 820 1031 862 nostris
1064 819 1404 862 calamitatibus
1438 819 1717 874 miseriisque
1749 818 1896 873 inspe-

194 897 296 934 rato
328 891 624 946 relinquimur
655 890 888 933 indefensi.
925 891 1068 946 quue
1100 891 1214 932 adeo
1245 891 1362 932 vires
1393 890 1659 939 cumulavit,
1692 893 1744 931 ut
1775 902 1896 931 nunc

141 977 178 1004 10
195 963 391 1005 finaliter
410 967 596 1017 propter
616 962 840 1003 bonorum
860 966 1119 1003 nostrorum
1140 962 1442 1010 amissionem,
1465 965 1896 1015 commeatuumque

196 1033 558 1081 exhaustionem,
583 1033 749 1074 virium
783 1033 986 1074 omnium
1013 1032 1298 1074 attritionem
1320 1033 1604 1087 fratrumque
1636 1035 1895 1073 nostrorum

195 1104 617 1147 obtruncationem1
644 1104 881 1153 Moldavis,
910 1103 1402 1158 Transalpinensibus,²
1421 1103 1646 1144 nobilibus
1667 1106 1711 1144 et
1736 1101 1895 1144 Siculis

197 1175 416 1217 intraneis
441 1175 650 1217 hostibus
677 1175 723 1216 in
750 1175 956 1217 futurum
984 1175 1188 1216 resistere
1208 1189 1298 1216 non
1313 1188 1565 1229 possumus,
1582 1174 1751 1229 quippe
1772 1172 1896 1227 quod

195 1251 375 1302 praeter
395 1247 505 1288 haec
532 1245 832 1295 incommoda,
862 1246 993 1287 multi
1019 1246 1159 1287 etiarn
1185 1246 1379 1287 fratrum
1405 1249 1664 1286 nostrorum
1700 1258 1727 1286 a
1764 1243 1895 1285 nobis

142 1332 179 1358 15
198 1318 474 1366 defecerunt,
498 1331 692 1372 quorum
718 1317 957 1358 minimum
983 1330 1074 1358 non
1094 1319 1209 1357 esset
1226 1317 1489 1365 admissum,
1511 1316 1547 1357 si
1568 1316 1644 1357 Vra
1668 1314 1894 1357 Serenitas

197 1389 242 1430 in
258 1393 462 1443 tempore
477 1388 701 1443 praesidio
715 1401 797 1429 nos
812 1388 1048 1429 firmasset.
1068 1388 1287 1442 Quamvis
1303 1388 1361 1429 ob
1376 1387 1675 1429 desertionem
1690 1390 1895 1427 nostram

197 1473 359 1514 parum
387 1459 516 1500 nobis
545 1459 639 1514 spei
667 1459 741 1507 sit,
772 1463 926 1500 tamen
968 1458 1116 1500 adhuc
1146 1459 1190 1499 in
1220 1458 1304 1500 Dei
1345 1457 1585 1500 clementia
1613 1462 1657 1499 et
1687 1458 1777 1499 Vrae
1814 1449 1895 1497 Mtis

197 1530 585 1585 frequentissimas
621 1529 873 1571 oblationes
909 1529 1078 1578 confisi,
1116 1543 1242 1584 spem
1279 1529 1470 1571 totalem
1505 1543 1595 1571 non
1631 1527 1891 1570 abiecimus.

197 1601 322 1643 Haec
352 1600 702 1656 praeteritorum
731 1600 952 1642 malorum
981 1600 1092 1641 levis
1132 1600 1360 1641 videbitur
1400 1600 1586 1649 iactura,
1617 1599 1654 1640 si
1694 1613 1795 1641 eam
1823 1598 1895 1639 Vra

138 1686 179 1712 ρο
193 1672 422 1714 Serenitas
455 1671 585 1713 celeri
618 1671 788 1713 auxilio
821 1685 847 1712 a
880 1671 1123 1712 maioribus
1156 1675 1200 1712 et
1235 1672 1325 1712 iam
1358 1671 1573 1712 extremis
1605 1670 1734 1711 malis
1766 1683 1894 1725 prae-

196 1743 362 1784 veniet.
397 1742 699 1797 Intelligimus
729 1742 849 1783 enim
892 1746 936 1783 et
968 1755 995 1782 a
1025 1742 1180 1783 multis
1210 1742 1460 1796 praedicari
1491 1741 1714 1789 audimus,
1746 1754 1893 1795 neque

195 1813 476 1863 Moldavum,
507 1827 652 1868 neque
681 1812 1122 1867 Transalpinensem‚
1154 1812 1233 1854 sed
1262 1827 1406 1867 neque
1436 1817 1615 1854 nostros
1644 1811 1817 1853 nobiles
1847 1816 1892 1852 et

192 1884 364 1926 Siculos
383 1884 619 1939 quippiam
634 1884 796 1925 turbae
814 1889 1031 1931 moturos,
1050 1883 1128 1925 ubi
1158 1883 1407 1925 exercitum
1425 1884 1515 1925 Vrae
1536 1876 1649 1925 Sertis
1679 1882 1893 1924 advenire

195 1955 417 1997 veraciter
442 1955 753 2009 cognoverint,
778 1954 856 2008 qui
881 1954 918 1995 si
943 1954 1033 1995 iam
1060 1954 1150 1995 iam
1176 1967 1265 1995 non
1292 1954 1544 2003 advenerit,
1572 1954 1705 1995 huius
1730 1953 1894 1995 nobilis

138 2040 179 2066 25
193 2026 369 2081 patriae
399 2025 610 2067 civitates
639 2030 684 2067 et
714 2025 942 2080 reliquiae,
974 2025 1203 2079 sanguinis
1232 2025 1463 2074 effusione,
1495 2025 1688 2066 fratrum
1717 2028 1893 2065 nostro-

193 2110 296 2138 rum
334 2097 532 2138 orbitate
581 2097 897 2150 bonorumque
936 2096 1026 2137 fere
1065 2096 1270 2137 omnium
1309 2096 1549 2137 amissione
1586 2096 1808 2137 hactenus
1846 2094 1892 2135 in

193 2167 415 2209 fidelitate
435 2168 525 2209 Vrae
549 2160 631 2208 Mtis
651 2171 945 2209 conservatae
971 2166 1093 2221 (quia
1127 2166 1296 2208 auxilia
1329 2180 1449 2208 nunc
1482 2166 1560 2208 diu
1593 2170 1775 2221 sperata
1801 2179 1892 2206 non

194 2238 447 2280 adveniunt
490 2238 732 2292 hostesque
775 2238 831 2279 ob
874 2237 920 2278 id
962 2237 1134 2279 circum
1177 2236 1293 2278 circa
1336 2237 1487 2278 omnia
1529 2241 1702 2286 tenent,
1745 2235 1890 2284 nobis,

194 2309 426 2358 uxoribus,
452 2308 602 2350 liberis
624 2309 765 2350 etiam
798 2307 966 2350 nostris
999 2307 1355 2349 crudelissimam
1389 2321 1544 2349 necem
1578 2308 1819 2356 minantes,
1855 2307 1893 2348 si

141 2393 179 2420 30
194 2379 256 2420 eis
276 2393 366 2421 non
387 2379 738 2434 adhaeserimus)
764 2378 921 2434 procul
953 2378 1091 2420 dubio
1110 2378 1238 2419 brevi
1259 2391 1285 2419 a
1302 2378 1554 2420 Serenitate
1574 2379 1646 2420 Vra
1675 2382 1894 2432 cogentur

194 2449 394 2499 alienari,
423 2450 761 2492 Transsilvania
789 2450 973 2491 demum
1000 2449 1350 2491 instructissimo
1377 2449 1577 2491 exercitu
1604 2449 1683 2490 vix
1710 2462 1892 2503 recupe-

194 2521 360 2562 rabilis.
408 2521 556 2576 Quare
595 2521 760 2563 iterum
812 2526 951 2574 atque
1001 2520 1166 2562 iterum
1216 2519 1525 2574 supplicamus
1572 2513 1673 2561 Serti
1700 2520 1790 2561 Vrae
1834 2519 1891 2560 ob

195 2591 367 2633 viscera
405 2591 586 2634 divinae
624 2591 954 2634 misericordiae
992 2595 1036 2632 et
1075 2604 1227 2632 amore
1264 2590 1369 2632 fidei
1407 2591 1693 2639 christianae,
1733 2589 1891 2632 eadem

196 2662 405 2716 dignetur
455 2662 586 2704 nobis
637 2661 994 2717 quamcitissime
1046 2660 1266 2703 auxilium
1318 2660 1514 2710 mittere,
1567 2675 1624 2702 ne
1676 2660 1891 2702 fratribus

142 2746 178 2772 35
194 2732 357 2781 orbati,
382 2733 511 2774 bonis
534 2733 675 2782 exuti,
701 2747 727 2774 a
750 2732 954 2788 plurimis
988 2731 1194 2773 hostibus
1229 2731 1394 2772 nostris
1431 2732 1488 2773 ob
1511 2731 1780 2773 fidelitatem
1803 2731 1892 2772 Vrae

192 2796 305 2844 Sertis
332 2803 539 2845 funditus
565 2817 816 2859 pereamus,
847 2807 926 2844 aut
955 2802 1117 2844 saltem
1157 2801 1525 2844 informationem
1564 2802 1692 2844 nobis
1725 2801 1891 2856 gratio-

194 2886 292 2914 sam
323 2873 443 2922 dare,
476 2874 535 2916 ad
565 2874 676 2929 quid
705 2888 787 2916 nos
818 2878 969 2915 tenere
1001 2876 1225 2927 oporteat,
1259 2872 1442 2914 domino
1472 2872 1591 2914 enim
1622 2886 1704 2914 nos
1739 2872 1891 2914 defen-

196 2942 332 2985 dente
353 2958 501 2986 carere
536 2958 627 2986 non
660 2958 929 3000 possumus;
966 2943 1076 2998 quid
1109 2942 1228 2984 enim
1261 2943 1363 2984 Vram
1395 2942 1498 2984 Mtem
1532 2943 1688 2984 iuvare
1721 2942 1890 2998 poterit

347 3109 361 3130 1
392 3109 440 3143 In
469 3110 675 3154 originali:
709 3109 1036 3149 exhahaustione,
1070 3108 1290 3147 attritione,
1323 3108 1643 3142 obtruncatione.

143 3175 180 3201 40
346 3161 362 3186 2
386 3167 753 3213 Transalpiniensis.
