2209 3643
288 191 360 234 264
1050 187 1124 222 No.
1149 197 1221 221 220
1671 184 1746 239 [31.
1768 189 1864 234 Julii
1887 191 1983 234 1536

289 319 348 361 ad
376 332 476 360 eam
505 331 599 359 rem
640 316 812 358 domini
853 315 1038 370 Banffy,
1070 315 1242 358 intuitu
1282 317 1373 358 Vrae
1413 317 1555 360 Sermae
1596 312 1678 359 Mtis
1706 318 1898 361 fideliter
1938 319 1984 361 id

288 390 352 432 illi
370 403 422 431 ac
440 388 623 430 domino
642 388 794 428 Marco
813 401 839 428 a
857 386 1154 441 Pemfflingen
1173 387 1329 442 aperui
1346 391 1391 429 et
1409 387 1592 444 sequuti
1610 392 1716 431 sunt
1735 389 1983 444 persuasio-

288 475 391 503 nem
418 473 567 500 meam
593 462 677 499 etc.

433 529 564 571 Certo
603 531 757 569 autem
784 527 1007 583 intelligat
1040 529 1112 571 Vra
1142 528 1386 579 Celsitudo,
1426 529 1515 572 ista
1564 534 1739 573 aestate
1788 531 1983 573 Turcam

288 614 442 643 omnes
467 613 572 641 suas
586 598 704 640 vires
725 598 771 640 in
785 599 1050 641 Moldavum
1066 613 1403 650 conversurum,
1427 601 1693 656 praesertim
1717 615 1839 651 vero,
1860 606 1983 657 post·
2020 614 2037 639 5

288 685 425 726 quam
451 684 586 725 super
611 669 873 725 interceptis
909 671 1001 712 Vrae
1039 664 1121 712 Mtis
1158 671 1217 713 ad
1253 671 1380 713 illum
1417 676 1462 714 et
1500 671 1735 714 dominum
1773 673 1983 715 Lunden-

288 742 404 784 sem1
434 740 610 782 litteras
656 740 941 783 adversarius
976 736 1056 783 Mtis
1086 742 1174 783 Vrae
1205 742 1647 798 Constantinopolim
1700 743 1838 793 misit,
1882 757 1983 799 pro-

288 813 449 866 culque
470 812 608 854 dubio
629 811 777 853 Turca
811 816 908 853 tam
942 811 988 854 in
1021 812 1266 863 Moldavia,
1290 827 1430 868 quam
1451 813 1497 855 in
1518 814 1688 856 Moesia
1721 827 1799 856 seu
1819 814 1983 856 Trans-

287 883 440 937 alpina
472 883 775 925 sandzacatus
814 882 970 938 eriget,
1018 897 1071 925 ac
1115 883 1192 925 illa
1235 898 1375 940 regna
1418 898 1538 927 mere
1584 885 1841 941 occupabit,
1876 899 1984 927 nam

287 955 372 996 hoc
405 953 484 995 diu
506 954 859 996 machinabatur
881 967 890 1004 ;
915 953 987 995 cui
1010 954 1073 997 rei
1106 954 1191 996 nisi
1227 955 1319 997 cito
1364 956 1438 997 Vra
1472 955 1598 997 Serma
1632 956 1846 998 Maiestas
1881 970 1984 998 con—
2000 966 2034 993 10

287 1025 488 1074 suluerit,
525 1028 681 1066 actum
708 1025 792 1067 erit
820 1025 876 1067 de
901 1025 1230 1068 Transilvania.

431 1096 502 1137 Ex
533 1096 777 1145 Kezmark‚
808 1096 1036 1138 dominico
1065 1096 1318 1138 conductus
1347 1097 1527 1139 Pascae.
1558 1097 1692 1139 Anno
1723 1097 1848 1151 1536.

615 1190 843 1235 (Originale.
875 1191 1164 1231 Staatsarchiv,
1200 1191 1325 1225 Wien.
1361 1192 1619 1236 Hungarica.)

1089 1331 1187 1372 220.

843 1440 1008 1490 Kassa,
1043 1453 1112 1493 31.
1148 1441 1269 1495 Juliz'
1302 1443 1428 1495 1536.
2001 1462 2035 1488 15

289 1529 514 1568 Balthasar
538 1530 694 1580 Banffy
718 1534 760 1568 et
785 1531 950 1569 Marcus
975 1531 1242 1582 Pemfflinger
1266 1531 1531 1570 Ferdinando
1557 1532 1590 1571 I.
1616 1531 1701 1582 regi
1728 1531 1981 1582 Hungariae.

428 1629 598 1671 Relatio
626 1630 831 1684 partialis
854 1630 904 1671 de
925 1644 1006 1671 sua
1031 1630 1080 1671 in
1100 1630 1156 1671 M
1158 1630 1375 1672 oldaviam
1399 1631 1619 1686 legatione.
1648 1631 1921 1686 Responsum
1949 1635 1986 1672 et

286 1700 502 1741 desideria
525 1701 743 1742 vaivodae.
764 1701 987 1742 Promisso
1009 1701 1179 1743 auxilio
1213 1706 1395 1757 paratus
1429 1707 1488 1744 est
1509 1703 1565 1743 ad
1585 1702 1713 1753 fidem
1736 1702 1984 1745 iurandam,

285 1771 549 1812 Redeuntem
582 1772 763 1813 vaivoda
798 1786 931 1827 usque
966 1772 1015 1813 in
1049 1786 1226 1827 regnum
1259 1773 1334 1814 hoc
1369 1773 1595 1815 comitatus
1630 1778 1702 1822 est,
1739 1773 1814 1815 ubi
1848 1787 1986 1814 arcem

288 1842 646 1884 Szatmarne'meti
696 1843 891 1892 vastavit,
944 1843 1001 1884 ad
1038 1844 1150 1898 quod
1187 1844 1385 1897 Joannes
1425 1844 1660 1899 Szapolyai
1698 1844 1878 1886 vaivoda
1917 1844 1984 1886 ira
2000 1863 2036 1889 20

287 1927 491 1954 accensus
532 1927 673 1955 arcem
712 1914 916 1955 vaivodae
945 1914 1199 1956 Moldaviae
1230 1915 1558 1968 Balvanyosvar
1583 1915 1664 1956 'sub
1705 1929 1832 1956 suam
1872 1919 1985 1970 pote-

289 1988 437 2025 statem
459 1985 629 2039 redegit.
652 1985 757 2026 Post
778 1985 854 2026 lzoc
866 1985 1023 2026 Petrus
1038 1985 1224 2027 Gerendi
1237 1986 1424 2027 mittitur
1443 1986 1500 2027 ad
1519 2000 1630 2027 eum.
1651 1986 1927 2041 Responsum
1949 1990 1986 2027 et

285 2055 521 2110 propensio
547 2056 691 2097 animi
716 2070 811 2111 erga
842 2057 881 2097 F
883 2056 1175 2097 erdinandum
1199 2071 1347 2111 regem.

428 2162 741 2205 Sacratissime
768 2163 881 2212 Rex,
908 2163 1091 2205 domine
1116 2163 1463 2206 clementissime
1488 2168 1533 2206 et
1560 2168 1751 2205 caetera.

434 2233 541 2275 Post
583 2234 785 2276 fidelium
839 2234 1128 2276 servitiorum
1182 2248 1385 2276 meorum
1437 2235 1483 2276 in
1535 2234 1729 2289 gratiam
1771 2228 1852 2276 Mti5
1891 2234 1980 2276 Vrae
1999 2252 2036 2278 25

290 2304 748 2346 commendationem.

433 2375 520 2417 Cur
556 2376 777 2417 hactenus
814 2375 950 2417 ambo
987 2375 1046 2417 ad
1082 2374 1185 2417 Mt⁰¹¹¹
1210 2377 1314 2418 me
1339 2390 1430 2418 non
1466 2375 1741 2431 scripsimus,
1782 2375 1985 2418 diversae

292 2456 452 2486 causae
481 2450 525 2487 et
555 2446 753 2488 rationes
782 2446 1083 2489 obsteterunt.
1115 2447 1234 2488 Nam
1263 2461 1367 2489 cum
1395 2447 1592 2503 primum
1621 2459 1702 2501 ego
1731 2447 1899 2502 Banffy
1927 2445 1986 2487 ad

288 2514 534 2557 vaivodam
573 2517 927 2559 Moldaviensem
966 2517 1205 2568 venissem,
1245 2522 1374 2560 erant
1415 2517 1615 2560 Caesaris
1652 2517 1901 2559 Turcarum
1940 2520 1985 2558 et

286 2584 508 2638 Johannis
550 2587 854 2642 Scepusiensis
899 2592 1100 2630 oratores
1146 2588 1270 2644 apud
1314 2603 1418 2630 eum
1464 2588 1509 2630 in
1554 2587 1791 2642 legatione.
1839 2588 1986 2629 Turca
2002 2605 2039 2631 30

290 2656 491 2709 petebat,
531 2662 582 2698 ut
621 2672 699 2700 sex
737 2658 861 2700 milia
898 2659 1134 2701 hominurn
1185 2660 1230 2701 in
1269 2659 1489 2701 auxilium
1530 2658 1801 2701 Ioannisbek
1840 2658 1983 2708 daret,

290 2728 505 2779 quoniam
549 2729 887 2771 Transsilvania
931 2730 1019 2772 tria
1063 2730 1201 2779 milia,
1246 2730 1571 2784 Transalpinae
1615 2743 1721 2771 vero
1765 2733 1986 2783 quattuor
2026 2761 2040 2777 *2

290 2796 413 2838 milia
460 2798 695 2840 hominum
744 2805 903 2842 contra
951 2799 1058 2842 Mtem
1092 2801 1194 2842 Vram
1228 2801 1287 2842 ad
1317 2799 1685 2855 depraedandam
1733 2799 1985 2841 Moraviam

291 2870 335 2906 et
362 2867 606 2909 Schlesiam
635 2870 800 2911 datura
828 2875 909 2912 est.
954 2871 1258 2926 Promititque
1297 2871 1445 2912 Turca
1485 2869 1712 2918 Moldavo,
1755 2872 1807 2910 ut
1835 2869 1873 2911 si
1900 2870 1985 2911 hoc

293 2935 461 2986 fecerit,
501 2944 694 2981 mortem
733 2940 873 2982 Gritti
910 2941 1148 2990 relaxabit,
1190 2941 1352 2983 deinde
1390 2945 1532 2982 terras
1570 2944 1616 2981 et
1655 2939 1863 2989 ditiones,
1903 2954 1985 2995 pro
2001 2958 2036 2983 35

288 3006 457 3058 quibus
471 3008 639 3050 bellum
655 3024 757 3051 cum
774 3025 875 3065 rege
891 3012 1103 3053 Poloniae
1119 3011 1282 3066 agitur,
1299 3015 1519 3065 perpetuo
1534 3010 1628 3052 iure
1643 3010 1728 3051 sibi
1743 3010 1985 3065 impetrare

432 3159 444 3178 ¹
472 3160 648 3204 Joannes
672 3162 786 3197 Wese
812 3164 1021 3209 episcopus
1048 3165 1282 3200 Lundensis.
