2209 3643
282 213 327 247 14
1046 195 1121 228 No.
1148 204 1190 237 13
1633 184 1707 242 [18.
1740 191 1836 236 Julii
1875 202 1968 237 1475

281 335 551 388 appresenta
575 327 795 370 l'armada
808 326 880 367 del
893 325 1039 366 Turco
1066 323 1108 364 al
1128 323 1261 377 luogo
1281 322 1335 364 de
1358 322 1497 371 Catia,
1520 321 1780 363 immediate
1806 321 1910 376 quel
1929 321 1973 363 10

283 408 477 458 optenne
506 414 608 442 cum
637 402 759 440 tutte
786 398 826 438 16
854 396 1061 443 10116226,
1092 394 1200 435 13111
1227 407 1254 435 3
1281 393 1402 448 pezzi
1432 392 1545 434 tutti
1575 391 1758 433 Italiani
1785 396 1831 433 et
1859 392 1974 434 tutti

281 471 517 528 principali
540 470 594 511 de
617 469 739 510 (11610
762 468 908 521 luogo,
933 470 978 507 et
1001 479 1077 507 era
1099 464 1340 506 accordato
1363 464 1402 505 el
1423 464 1570 505 Turco
1592 477 1695 504 cum
1717 462 1731 503 1
1753 462 1974 518 principal

281 543 381 598 capi
395 542 463 583 de'
486 539 664 582 Tartari
693 543 738 580 et
767 537 906 579 etiam
936 550 1039 578 cum
1068 536 1082 576 i
1110 534 1395 589 Transalpini
1424 548 1451 576 a
1479 534 1647 576 damno
1676 532 1748 574 del
1776 533 1974 575 vaivoda

281 613 495 668 predicto.
518 610 651 653 Unde
666 622 768 650 cum
783 607 952 663 grande
966 606 1187 648 instantia
1200 605 1395 647 richiede
1409 618 1612 648 soccorso
1633 603 1755 646 dicto
1774 604 1974 646 vaivoda
2011 624 2028 649 5

281 684 369 725 alla
392 682 564 724 Maesta
585 680 676 722 Sua
699 693 778 733 per
800 679 844 720 la
867 677 1165 733 importantia
1187 676 1486 731 grandissima
1510 676 1564 717 (16
1588 675 1631 716 13
1655 675 1894 729 optention
1917 675 1974 717 de

285 755 407 796 dicto
434 753 566 806 luogo
594 751 649 793 de
678 750 804 792 Casta
830 753 876 791 et
903 763 983 804 per
1010 752 1184 803 quanto
1211 749 1234 788 6
1260 748 1463 802 predicto
1491 750 1653 801 questo
1676 745 1848 800 Signor‚
1877 748 1901 787 6
1928 746 1974 788 111

281 823 448 880 grande
466 822 726 870 afflictione,
747 826 792 862 et
811 820 887 862 dal
905 823 1041 861 canto
1060 833 1142 861 suo
1160 818 1270 867 dice,
1292 819 1388 860 1313
1408 817 1512 873 ogni
1529 816 1816 873 provvisione
1833 817 1973 872 possi-

280 895 381 943 bile,
403 899 447 936 et
468 893 561 935 cusi
591 905 842 947 procureno
875 905 978 932 cum
998 890 1102 946 ogni
1120 889 1366 945 diligentia.
1390 889 1520 930 Iddio
1538 902 1618 943 per
1637 901 1718 929 sua
1737 887 1975 930 clementia

281 964 499 1021 provvedi
515 964 557 1005 ai
570 963 748 1017 bisogni
777 961 1011 1004 christiani
1040 975 1120 1017 per
1148 961 1192 1002 13
1220 960 1470 1016 grandezza
1511 958 1583 1000 dei
1610 958 1797 1014 periculi
1826 971 1974 1000 succe·
1991 976 2026 1003 10

282 1036 477 1084 deriano,
506 1048 551 1076 se
577 1048 656 1089 per
684 1033 989 1075 misericordia
1014 1046 1107 1074 non
1132 1031 1433 1086 provvedesse
1454 1044 1462 1080 ;
1491 1034 1575 1072 616.

422 1116 646 1161 (Originale.
682 1115 871 1150 Archivio
903 1115 944 1150 di
973 1115 1102 1154 51310,
1137 1113 1319 1148 Venezia.
1355 1112 1519 1148 Edidit:
1554 1113 1660 1146 Mon.
1696 1112 1830 1156 Hung.
1865 1111 1970 1146 Hist.

279 1178 380 1211 Acta
404 1180 541 1211 extera
565 1175 642 1209 vol.
670 1175 723 1209 ΙΙ.
750 1185 839 1221 pag.
868 1174 1096 1219 267—263.)

1090 1301 1159 1342 13.

854 1387 998 1435 Buda,
1032 1386 1101 1428 18.
1136 1386 1256 1440 sulii
1288 1396 1414 1439 1475.
1992 1415 2028 1441 15

506 1477 669 1517 Florius
699 1477 917 1516 Reverella
943 1481 1084 1516 orator
1114 1475 1283 1515 Herculi
1313 1476 1344 1514 Ι.
1376 1474 1471 1514 (11161
1500 1474 1723 1513 Ferrariae.

423 1578 489 1619 De
520 1577 604 1628 fide
637 1577 853 1632 Stephani
886 1576 1091 1617 vaz'vodae
1115 1575 1369 1617 Moldavme
1401 1578 1477 1630 per
1508 1574 1662 1628 legatos
1695 1587 1794 1614 suos
1826 1573 1972 1615 iurata

279 1649 420 1704 agitur
449 1649 497 1690 in
528 1648 719 1690 comitiis
750 1652 891 1703 nuper
920 1647 1084 1688 clausis
1115 1646 1399 1701 Hungaricis,
1431 1658 1562 1700 quare
1583 1645 1640 1686 M
1642 1644 1783 1686 athias
1813 1658 1885 1685 rex
1915 1644 1970 1685 ad

283 1734 378 1761 eum
396 1719 714 1771 defendendum
733 1719 883 1774 copias
902 1719 1065 1760 mittere
1084 1722 1289 1773 paratum
1303 1731 1345 1758 se
1360 1716 1534 1758 exhibet.
1556 1715 1787 1770 Negotium
1805 1715 1973 1757 Dracu-

281 1792 364 1832 liae
389 1791 604 1832 vaivodae.
1989 1830 2025 1855 ΩΟ

428 1884 670 1926 1111611(1613
705 1884 748 1925 13
780 1884 946 1925 Vostra
979 1882 1261 1925 Excellentia
1293 1896 1372 1937 per
1405 1884 1580 1936 questa,
1615 1893 1745 1922 como
1777 1880 1820 1921 la
1852 1880 1976 1922 dieta

284 1956 560 2010 d’Ungheria
584 1955 789 2010 generale
813 1956 836 1996 6
860 1955 932 2010 gia
963 1954 1187 2002 conclusa,
1206 1953 1251 1994 in
1276 1953 1319 1994 la
1343 1952 1476 2007 quale
1499 1956 1570 1993 tra
1594 1951 1634 1993 le
1655 1951 1768 1992 altre
1792 1951 1970 1992 conclu-

283 2027 393 2068 sioni
420 2041 442 2068 e
465 2026 766 2081 provvissioni
791 2030 948 2067 contro
973 2025 1003 2066 11
1026 2025 1172 2066 Turco
1196 2024 1347 2065 hanno
1372 2023 1568 2078 imposto
1592 2036 1683 2064 uno
1707 2021 1874 2063 ducato
1897 2035 1977 2077 per

285 2098 385 2139 foco
407 2097 451 2138 in
475 2102 601 2139 tutto
623 2097 663 2139 el
684 2110 849 2145 reame,
874 2097 911 2138 51
934 2096 1015 2137 6116
1038 2109 1083 2137 56
1106 2095 1278 2137 extima
1301 2094 1381 2135 che
1404 2094 1614 2135 1110111313
1636 2092 1714 2148 pisi
1737 2092 1793 2134 de
1815 2092 1977 2147 cinque

284 2173 418 2209 cento
445 2169 568 2209 milla
596 2167 765 2209 ducati.
797 2167 849 2208 Li
875 2166 1035 2208 baroni
1064 2171 1108 2208 et
1137 2164 1438 2207 ambassatori
1466 2164 1521 2206 de
1549 2163 1840 2206 comunitade
1867 2176 1977 2205 sono
1992 2184 2029 2211 25

285 2239 593 2287 malcontenti,
622 2239 703 2280 che
729 2238 940 2280 havendo
966 2238 1090 2279 facta
1115 2241 1277 2291 questa
1303 2236 1427 2278 dieta
1453 2249 1536 2277 con
1561 2234 1730 2290 grande
1757 2234 1928 2276 13116113
1954 2247 1977 2275 6

285 2322 368 2350 6011
408 2310 706 2363 grandissima
745 2322 889 2363 spesa,
933 2308 1156 2350 credendo
1196 2308 1361 2350 havere
1402 2306 1593 2361 qualche
1633 2305 1833 2348 subsidio
1873 2304 1979 2346 delli

283 2380 512 2434 potentati
531 2380 728 2429 d’Italia,
749 2379 942 2422 secondo
960 2380 1020 2435 gli
1037 2393 1113 2421 era
1130 2379 1241 2421 dato
1258 2379 1388 2420 firma
1406 2390 1623 2432 speranza
1640 2376 1761 2418 dalla
1775 2375 1978 2431 Signoria

285 2449 340 2491 de
368 2450 406 2491 V
410 2450 573 2499 enezia,
603 2464 649 2493 se
677 2465 788 2493 sono
814 2450 1036 2493 retrovati
1080 2450 1240 2492 beffati
1267 2453 1312 2491 et
1359 2448 1594 2503 ingannati
1622 2451 1667 2489 et
1694 2447 1774 2502 piu
1801 2446 1831 2488 li
1859 2445 1976 2494 dole,

287 2521 367 2561 che
386 2534 464 2574 per
491 2521 533 2561 la
553 2521 776 2563 ritornata
797 2521 853 2564 de
873 2526 1035 2577 questo
1064 2521 1190 2563 Sermo
1213 2521 1280 2562 Re
1312 2519 1433 2561 dalla
1453 2520 1647 2574 impresa
1667 2518 1723 2559 de
1743 2516 1976 2565 Bohemia‚
1990 2539 2027 2565 30

258 2594 260 2597 ’
287 2590 330 2631 13
357 2590 487 2644 quale
516 2591 794 2635 16116611161116
814 2592 1080 2647 procedeva,
1116 2595 1242 2633 tutto
1270 2591 1474 2645 inspecto
1501 2589 1557 2632 ed
1584 2589 1707 2631 10123
1734 2587 1806 2630 (161
1831 2587 1977 2629 Turco

286 2674 333 2702 se
362 2661 514 2703 hanno
543 2668 792 2716 provocato
822 2668 981 2705 contra
1011 2663 1065 2704 de
1095 2662 1204 2710 loro,
1236 2661 1427 2716 peroche
1457 2661 1554 2715 ipso
1583 2660 1730 2701 Turco
1759 2656 1977 2700 sentendo

287 2731 330 2771 la
352 2735 535 2773 tornata
556 2732 627 2774 del
650 2734 715 2774 Re
737 2748 760 2775 e
780 2733 824 2775 la
845 2734 969 2775 131113
989 2733 1061 2775 (161
1081 2733 1293 2788 predetto
1313 2731 1512 2773 subsidio
1533 2730 1707 2778 Italico,
1722 2727 1979 2784 postposita

287 2801 331 2841 la
361 2815 519 2855 guerra
550 2803 621 2844 del
651 2817 788 2853 mare,
822 2804 862 2845 le
892 2818 971 2846 sue
1002 2804 1121 2845 10126
1153 2807 1198 2844 61
1229 2801 1414 2844 exerciti
1444 2815 1554 2843 sono
1586 2798 1789 2842 dirizzati
1820 2802 1978 2839 contro

288 2871 549 2925 l'Ungheria
571 2878 616 2914 et
638 2875 833 2916 secondo
855 2888 901 2916 se
924 2874 1123 2922 intende,
1148 2873 1316 2915 manda
1338 2872 1377 2913 le
1399 2885 1477 2913 sue
1498 2874 1631 2926 gente
1652 2883 1781 2911 verso
1803 2869 1847 2909 13
1868 2868 1978 2909 Mol-
1993 2892 2030 2917 35

290 2941 438 2989 davia,
463 2942 578 2984 dove
600 2949 762 2997 questa
783 2949 974 2986 vernata
997 2944 1037 2986 el
1059 2958 1140 2986 suo
1163 2943 1360 2985 exercito
1382 2942 1431 2983 fu
1453 2946 1590 2989 rotto,
1615 2944 1660 2981 et
1682 2940 1741 2981 ha
1762 2938 1979 2980 mandate

288 3024 367 3065 per
390 3010 421 3051 il
445 3012 566 3053 Mare
592 3027 768 3056 mazore
793 3015 847 3056 60
872 3015 986 3069 galie
1011 3029 1095 3056 con
1120 3018 1239 3055 certe
1263 3026 1380 3054 nave
1405 3012 1493 3053 alla
1518 3012 1646 3052 131166
1671 3010 1742 3052 (161
1766 3008 1979 3050 Danubio

287 3094 366 3135 per
398 3095 653 3136 expugnare
685 3089 804 3126 certe
836 3089 966 3133 terre,
1000 3085 1046 3127 vi
1078 3098 1189 3126 sono
1220 3083 1292 3125 del
1323 3081 1526 3138 predicto
1559 3081 1700 3123 Conte
1723 3079 1980 3129 51613110,16

292 3151 416 3205 quali
449 3165 558 3193 sono
592 3153 646 3194 de
680 3154 847 3208 grande
880 3155 1190 3209 importantia.
