2209 3643
271 207 314 231 12
1035 191 1110 224 No.
1136 201 1177 224 11
1610 184 1686 242 [25.
1715 191 1825 236 Junii
1861 202 1956 237 1475

1084 328 1151 368 11.

743 429 997 475 Besztercze,
1032 437 1100 478 25.
1135 425 1272 478 Iunii
1304 427 1490 480 [1475]

267 512 516 560 Dominicus'
534 517 800 570 praepositus
821 515 1107 566 Albaeregalis
1128 523 1169 553 et
1192 516 1416 567 Gasparus,
1441 519 1627 554 oratores
1647 515 1752 566 regis
1773 515 1962 554 Mathiae

269 579 507 630 Hungariae
546 578 600 615 ad
635 577 899 628 Stephanum
938 575 1166 613 vaivodan]
1193 575 1431 614 Moldaviae
1469 575 1596 620 missi,
1638 575 1823 614 Mathiae
1861 576 1957 626 regi.

411 677 656 732 Epistolam
678 675 892 730 Stephani
912 675 1119 716 vaivodae
1146 675 1202 716 M
1205 675 1399 716 oldav'z'ae
1427 675 1616 724 mittunt,
1649 675 1695 716 in
1722 689 1807 730 qua
1835 675 1961 716 auxi-

265 750 375 791 linm
396 753 539 789 contra
565 748 730 788 Tmfcas
752 746 870 801 petit.
892 746 1153 787 Draculfiam
1179 750 1258 800 pro
1291 746 1474 788 vaivoda
1509 746 1684 788 electum
1717 760 1804 787 esse
1825 760 1851 787 a
1871 759 1961 801 rege

267 818 467 862 omnibus
491 818 670 873 placere.

1999 710 2016 735 5

407 928 695 969 Serenissime
729 927 955 982 Princeps.
993 927 1188 968 Domine
1220 931 1374 969 noster
1405 927 1626 969 naturalis
1659 930 1704 968 et
1737 926 1963 981 gratiosis-

269 999 391 1040 sime.
434 999 544 1040 Post
583 998 885 1039 humillimam
924 998 1251 1039 subiectionem
1289 1002 1505 1039 nostram.
1536 998 1635 1039 Rex
1673 1001 1718 1039 et
1751 997 1964 1052 Princeps

268 1069 474 1124 gratiose.
1980 1086 2016 1113 10

412 1140 523 1182 Cum
554 1153 753 1182 essemus
783 1140 828 1181 in
858 1139 1096 1195 procinctu
1126 1139 1298 1181 itineris
1327 1139 1471 1181 nostri
1501 1139 1556 1181 de
1587 1138 1774 1180 civitate
1805 1138 1965 1180 Bistri-

268 1210 416 1260 ciensi,
446 1210 571 1253 venit
601 1211 659 1252 ad
687 1211 878 1252 barones
899 1210 1247 1252 Moldavienses1
1268 1211 1404 1251 homo
1425 1210 1596 1251 domini
1621 1209 1841 1264 Stephani
1869 1209 1964 1251 vai-

267 1281 412 1323 vodae
441 1281 783 1323 Moldaviensis1
809 1295 912 1323 cum
934 1281 1097 1322 litteris
1120 1281 1435 1336 praesentibus
1464 1280 1681 1329 inclusis‚²
1711 1280 1788 1335 qui
1818 1279 1963 1322 vocali

267 1366 469 1394 sermone
505 1353 660 1394 retulit
698 1353 842 1401 nobis,
882 1352 1111 1407 quomodo
1146 1352 1404 1406 praeteritis
1440 1351 1599 1393 diebus
1635 1351 1729 1406 ipse
1765 1350 1964 1392 vaivoda

265 1423 522 1477 Stephanus
554 1423 749 1465 misisset
782 1423 1092 1465 Alexandrum
1126 1423 1313 1464 fratrem
1347 1422 1572 1464 carnalem
1605 1421 1825 1463 consortis
1857 1434 1964 1462 suae
1981 1441 2017 1467 15

268 1494 313 1535 in
334 1508 533 1548 regnum,
551 1495 673 1549 quod
694 1494 860 1536 dicitur
880 1494 1110 1549 Mangopss,
1133 1498 1177 1535 et
1193 1493 1304 1535 illud
1318 1493 1526 1548 potentia
1550 1506 1645 1541 sua,
1662 1496 1765 1547 post
1791 1492 1965 1533 exitum

267 1564 520 1606 boierorum
566 1579 750 1607 suorum
785 1565 844 1606 ad
877 1563 979 1606 Mt&m
1014 1565 1128 1613 Vsam,
1155 1564 1366 1606 solliciter
1400 1563 1670 1618 optinuisset
1708 1566 1753 1605 et
1787 1563 1966 1604 univer-

268 1648 339 1676 sos
353 1635 544 1677 maiores
558 1640 603 1678 et
630 1636 824 1678 minores
838 1637 883 1677 in
899 1636 973 1677 illo
998 1649 1136 1690 regno
1156 1636 1351 1689 Mangop
1368 1634 1568 1676 dominio
1593 1647 1676 1676 suo
1700 1633 1962 1688 subegisset.

271 1706 445 1748 Retulit
473 1707 626 1756 etiarn,
656 1707 887 1762 quomodo
913 1707 1047 1748 Turci
1075 1720 1178 1748 cum
1205 1706 1359 1747 valida
1385 1705 1594 1761 potentia
1621 1719 1724 1746 cum
1752 1704 1965 1759 quadrin-

268 1777 413 1831 gentis
441 1778 578 1831 galeis
607 1778 836 1819 venissent
866 1778 911 1819 in
942 1777 1223 1819 obsidionem
1253 1777 1392 1825 Caffa,
1429 1789 1580 1831 quam,
1599 1789 1702 1817 cum
1732 1775 1965 1817 obsidione
1981 1797 2016 1823 20

269 1847 527 1897 cinxissent,
544 1849 840 1890 obtinuerunt
862 1849 996 1890 simul
1017 1863 1120 1890 curn
1142 1848 1326 1890 castello
1348 1847 1393 1888 in
1414 1847 1572 1888 eadem
1594 1846 1765 1887 habito.
1790 1845 1965 1901 Quibus

269 1918 329 1959 sic
354 1919 567 1973 optentis,
592 1920 826 1962 universos
851 1920 992 1962 Italos
1016 1919 1061 1961 in
1085 1919 1207 1960 dicto
1231 1918 1416 1960 castello
1438 1917 1683 1959 existentes
1706 1930 1813 1958 nece
1837 1916 1964 1957 terri-

269 1989 361 2037 bili,
384 1990 517 2031 simul
538 2004 640 2031 cum
662 1991 996 2045 potentioribus
1017 1989 1218 2031 civitatis
1240 1988 1585 2036 interemissent,
1608 1987 1802 2041 reliquos
1824 1987 1964 2042 ipsius

269 2060 392 2101 urbis
426 2065 528 2114 post
564 2061 721 2103 datam
756 2062 891 2103 fidem
927 2061 972 2102 in
1006 2060 1206 2115 antiquis
1241 2074 1395 2101 eorum
1429 2058 1832 2100 consuetudinibus
1865 2057 1963 2099 reli-

272 2131 477 2184 quendo;
510 2136 569 2179 et,
593 2136 643 2173 ut
666 2133 823 2181 fertur,
847 2132 981 2174 Turci
1008 2131 1092 2186 ipsi
1121 2132 1336 2172 Tartaros
1366 2130 1411 2171 in
1441 2142 1628 2170 numero
1659 2128 1743 2169 XL
1772 2128 1963 2169 millium
1977 2151 2013 2177 25

272 2200 379 2255 ipsis
422 2201 467 2243 in
511 2203 848 2257 expugnatione
892 2203 1032 2258 ipsius
1064 2201 1265 2243 civitatis
1309 2200 1435 2243 Caffa
1463 2199 1812 2247 associaverant,
1860 2212 1962 2240 cum

273 2272 436 2325 quibus
473 2286 593 2315 nunc
631 2288 847 2330 magnum
885 2274 1010 2329 pacis
1049 2273 1208 2315 foedus
1245 2271 1528 2327 pepigerunt,
1568 2270 1764 2312 maxime
1803 2283 1858 2310 ex
1896 2283 1962 2318 eo,

272 2342 379 2396 quia
403 2342 491 2384 illic
516 2344 761 2399 imperator
786 2347 1094 2393 Tartarorum,
1123 2344 1178 2385 de
1205 2356 1295 2398 quo
1317 2341 1529 2384 Stanczul
1555 2335 1621 2382 Mti
1659 2342 1748 2383 Vrae
1774 2340 1964 2382 mentio-

273 2426 375 2453 nem
402 2413 583 2463 fecerat,
612 2415 657 2456 in
683 2417 759 2458 illa
785 2417 896 2458 urbe
923 2416 1050 2458 Caffa
1074 2428 1154 2470 per
1178 2415 1346 2456 Turcos
1372 2417 1417 2454 et
1443 2413 1656 2454 Tartaros
1683 2415 1845 2466 captus
1871 2424 1964 2453 esse

274 2483 547 2537 perhibetur.
587 2486 732 2531 Nunc,
769 2486 1057 2529 Serenissime
1095 2485 1321 2539 Princeps,
1360 2497 1415 2525 ex
1452 2497 1543 2537 quo
1579 2483 1673 2537 ipse
1706 2482 1965 2536 Stephanus
1980 2517 2015 2544 30

273 2553 471 2595 vaivoda
494 2555 703 2611 intelligit
729 2558 814 2599 sibi
838 2557 1071 2599 imminere
1096 2555 1358 2612 periculum,
1385 2554 1501 2609 petit
1525 2567 1607 2595 nos
1630 2552 1779 2594 medio
1803 2553 1965 2594 horum

272 2623 536 2666 boieronum
597 2640 795 2677 suorum,
860 2632 1087 2683 quatenus
1147 2626 1322 2668 litteras
1382 2628 1560 2666 nostras
1616 2623 1675 2665 ad
1717 2621 1819 2664 Mt⁶¹¹¹
1865 2623 1965 2665 Vram

273 2694 551 2737 velocissime
580 2697 804 2747 daremus,
834 2703 887 2740 ut
916 2699 1131 2741 Maiestas
1163 2698 1235 2739 Vra
1265 2696 1528 2750 dignaretur
1557 2698 1818 2736 convertere
1846 2693 1965 2735 faces

276 2778 380 2806 suas
404 2766 462 2807 ad
484 2771 637 2821 partes
660 2769 781 2823 regni
807 2770 876 2811 sui
899 2769 1144 2817 inferiores,
1170 2772 1214 2810 et
1238 2767 1380 2808 indies
1403 2766 1639 2807 festinaret
1663 2764 1933 2806 discedendo
1954 2777 1963 2814 ;

274 2836 488 2888 quoniam
509 2843 659 2892 sperat
681 2840 800 2882 idem
821 2840 1033 2889 vaivoda,
1056 2839 1180 2894 quod
1211 2842 1455 2893 postquam
1488 2836 1701 2877 Maiestas
1721 2836 1793 2877 Vra
1814 2848 1966 2876 move·
1980 2858 2019 2884 35

273 2905 332 2947 rit
362 2920 421 2955 se,
453 2907 624 2950 Tuscus
654 2910 748 2964 ipse
777 2925 868 2952 non
899 2911 965 2953 ita
994 2910 1124 2953 facile
1154 2909 1461 2965 proficiscetur
1489 2906 1562 2948 vel
1591 2910 1751 2948 contra
1778 2919 1966 2960 regnum

274 2976 541 3026 Moldaviae,
577 2979 650 3021 vel
683 2980 784 3022 Μ’“““Π
808 2983 923 3031 me;
949 2986 994 3023 et
1017 2982 1112 3023 sine
1135 2980 1274 3022 dubio
1297 2992 1378 3020 nos
1401 2977 1580 3019 advisat
1604 2981 1649 3018 et
1673 2980 1818 3019 certos
1840 2975 1965 3024 facit,

274 3046 397 3100 quod
429 3052 672 3102 postquam
705 3052 877 3093 venerit
922 3053 1094 3094 Turcus
1138 3051 1246 3106 ipse,
1280 3048 1359 3104 qui
1390 3048 1480 3089 iam
1513 3047 1687 3089 dudum
1719 3047 1804 3089 iter
1835 3059 1968 3088 suum

432 3167 445 3187 1
475 3166 624 3215 Helias.
682 3168 695 3188 2
716 3168 817 3202 Vide
839 3170 913 3203 sub
935 3170 1009 3203 No.
1033 3180 1068 3211 9.
1149 3168 1163 3188 ³
1184 3167 1394 3202 Mendose:
1426 3165 1582 3210 Mango.
