2209 3643
150 2952 199 2981 ²5·
224 2944 297 2972 Maii

156 3063 204 3092 15.
227 3054 297 3093 Jun.

152 3174 203 3205 27.
228 3165 297 3204 Jun.

311 213 383 244 266
1067 207 1141 242 No.
1165 217 1238 241 220
1685 202 1758 256 [31.
1779 206 1876 253 Julii
1899 209 1998 252 1536

310 339 516 382 fidelibus
548 332 628 380 Mtis
659 339 748 379 ΨΜ
782 337 1024 386 dabantur,
1067 336 1177 378 illud
1198 336 1432 378 castellum
1465 336 1744 392 expugnavit
1777 341 1821 379 et
1848 337 1999 379 demo-

308 411 420 452 livit.

454 481 634 521 Interea
652 478 857 532 contigit,
879 477 1002 532 quod
1020 477 1219 519 Vaivoda
1234 477 1538 532 Scepusiensis
1558 478 1616 519 ad
1634 477 1843 519 iniuriam
1863 478 2002 533 ipsius

309 550 508 593 Moldavi
542 553 741 591 castrum
776 549 1016 590 Balwanos
1049 548 1094 589 in
1128 548 1467 589 Transsilvania
1499 548 1653 598 situm,
1689 553 1786 590 arte
1819 553 1864 590 et
1898 549 2002 591 dolo

309 621 595 675 interciperet
624 619 932 674 alienaretque
959 619 1017 660 ab
1046 619 1136 660 60.1
1164 619 1405 661 Moldavus
1428 619 1513 660 hoc
1535 619 1787 674 intelligens
1814 619 2002 661 moleste
2039 633 2061 659 r>

310 692 431 740 tulit,
461 690 665 732 fortassis
691 690 843 732 ulcisci
871 690 1028 732 volens
1055 690 1114 731 ad
1140 703 1222 731 nos
1248 689 1370 731 misit
1409 689 1747 744 nuntiavitque,
1775 694 1827 732 ut
1853 690 2003 745 parati

310 777 403 805 esse
442 762 701 810 debeamus,
742 775 833 816 quo
871 775 963 803 una
1001 774 1153 803 secum
1191 760 1578 802 Transsilvaniam
1617 760 1921 815 ingrediamur
1959 761 2004 802 in

311 847 488 876 omnem
508 832 646 874 etiam
665 836 895 874 eventum.
917 832 1012 873 Nos
1029 831 1195 886 gaudio
1212 845 1304 873 non
1321 845 1465 887 parvo
1483 831 1609 873 ducti
1628 831 1745 873 illico
1763 831 2005 887 Egregium

311 906 496 946 Petrum
527 903 752 958 Gerendy,
785 903 1050 944 servitorem
1098 895 1180 944 Mtis
1209 903 1298 943 Vrae
1340 902 1399 944 ad
1439 902 1685 944 vaivodam
1726 902 2006 944 Moldavien-

311 989 402 1017 sem
437 974 656 1023 misimus,
692 973 961 1015 nuntiantes
994 987 1076 1015 nos
1111 987 1214 1015 cum
1248 973 1460 1028 gentibus
1493 973 1660 1014 nostris
1696 977 1879 1028 paratos
1913 986 2007 1014 esse
2023 987 2062 1013 10

311 1059 451 1100 eoque
476 1045 712 1100 proficisci,
739 1058 829 1099 quo
850 1044 941 1086 Sua
964 1044 1302 1099 Magnificentia
1326 1044 1518 1093 iusserit,
1544 1044 1760 1099 quoniam
1785 1044 1844 1086 ad
1867 1044 2007 1099 ipsius

312 1121 473 1172 optata
506 1116 551 1157 in
585 1130 688 1157 eum
721 1116 857 1157 finem
891 1116 979 1157 huc
1012 1115 1234 1165 venimus,
1269 1115 1518 1157 dummodo
1548 1115 1639 1156 Sua
1671 1114 2008 1170 Magnificentia

311 1188 490 1230 intimet
515 1186 660 1236 nobis,
683 1200 773 1242 quo
799 1187 999 1228 eundum
1023 1186 1154 1228 nobis
1179 1186 1278 1235 erit,
1303 1191 1347 1228 et
1373 1186 1419 1227 in
1444 1199 1535 1241 quo
1555 1186 1653 1228 1060
1673 1186 1863 1228 eandem
1888 1199 2007 1228 com-

311 1258 551 1315 periamus,
605 1272 659 1299 ex
711 1257 954 1313 animoque
1004 1257 1265 1312 rogavimus
1311 1257 1450 1299 Suam
1501 1257 1900 1312 Magnificentiam,
1951 1270 2008 1298 ne

311 1334 520 1371 sanctum
548 1330 634 1371 hoc
659 1329 945 1384 propositum
973 1342 1106 1370 suum
1134 1332 1298 1378 mutet,
1328 1328 1407 1370 sed
1433 1328 1524 1369 iam
1552 1328 1739 1370 tandem
1766 1341 2062 1384 prosequa-15

312 1406 400 1450 tur,
428 1406 473 1443 et
500 1400 545 1442 in
570 1400 702 1442 nobis
727 1400 837 1442 nihil
864 1399 1021 1442 deerit.
1050 1399 1259 1442 Vaivoda
1281 1399 1585 1454 Scepusiensis
1610 1399 1783 1441 interea
1808 1403 2010 1441 oratores

312 1485 415 1514 suos
438 1472 496 1514 ad
518 1471 784 1514 Moldavum
806 1471 944 1520 misit,
968 1471 1242 1526 promittens
1264 1470 1303 1512 ei
1325 1470 1590 1512 restiturum
1613 1475 1812 1512 castrum
1834 1470 2010 1513 Balwa-

312 1557 408 1592 nos,
448 1547 683 1598 praeterea
722 1542 861 1584 etiam
901 1542 1074 1584 maiora
1113 1542 1151 1584 ei
1191 1541 1568 1584 condonaturum.
1612 1541 1807 1583 Revenit
1847 1542 2009 1584 Petrus

312 1614 521 1670 Gerendy
565 1613 635 1655 his
663 1613 836 1663 diebus,
867 1613 944 1668 qui
971 1613 1102 1655 nobis
1128 1613 1246 1654 hanc
1273 1612 1538 1655 relationem
1565 1612 1820 1668 reportavit
1847 1626 1875 1654 a
1899 1611 2011 1654 Mol-

313 1686 459 1727 davo:
496 1685 626 1740 «Ego,
660 1684 823 1738 inquit,
858 1684 1100 1726 Caesareae
1131 1688 1175 1726 et
1209 1684 1467 1726 Catholicae
1499 1697 1550 1725 ac
1582 1683 1749 1738 Regiae
1780 1683 2066 1725 Maiestati‘2o

312 1756 489 1812 totique
510 1755 835 1798 christianitati
856 1760 900 1797 et
922 1755 1085 1811 capite,
1108 1760 1153 1797 et
1174 1769 1310 1811 regno
1330 1769 1433 1797 meo
1452 1754 1666 1796 inservire
1686 1758 1875 1810 paratus
1894 1767 2010 1803 sum,

311 1842 391 1869 1166
415 1826 569 1882 capiti,
594 1841 675 1869 nec
698 1827 986 1868 substantiae
1008 1840 1135 1868 meae
1157 1840 1356 1882 parcam,
1381 1826 1459 1868 sed
1482 1825 1634 1867 omnia
1655 1839 1736 1881 pro
1759 1824 2011 1867 christiani-

312 1899 423 1940 tatis
467 1898 810 1940 conservatione
854 1902 898 1939 et
941 1898 1062 1939 bono
1105 1897 1287 1953 publico
1330 1897 1480 1939 subire
1522 1901 1718 1952 praesto,
1763 1896 2012 1939 dummodo

312 1969 575 2011 Maiestates
609 1983 763 2011 earum
798 1982 983 2024 operam
1017 1974 1062 2011 et
1097 1968 1317 2010 auxilium
1352 1982 1506 2010 eorum
1542 1968 1805 2017 adhibeant,
1842 1980 1931 2023 quo
1965 1966 2012 2008 id

314 2041 593 2082 commodius
619 2045 663 2082 et
690 2041 784 2082 sine
810 2040 986 2082 iactura
1010 2039 1099 2081 mei
1125 2044 1169 2081 et
1196 2039 1326 2081 istius
1351 2039 1475 2094 regni
1500 2038 1756 2080 Moldaviae
1782 2039 2011 2080 intentum
2026 2049 2068 2075 25

313 2126 463 2154 meum
494 2112 703 2167 persequi
734 2111 916 2166 possim.
950 2111 1070 2152 Nam
1102 2110 1304 2166 undique
1333 2110 1509 2165 magnis
1541 2109 1809 2152 adversariis
1839 2109 1935 2165 ipse
1966 2112 2011 2150 et

313 2197 499 2237 regnum
534 2196 686 2224 meum
710 2187 919 2237 saeptum
949 2186 1030 2223 est.
1055 2181 1102 2223 Si
1135 2181 1472 2237 expeditionem
1507 2181 1708 2236 aliquam
1742 2181 1902 2230 fecero,
1938 2178 2013 2220 isti

315 2258 472 2295 contra
493 2267 565 2295 me
587 2253 819 2308 insurgent
843 2258 887 2295 et
911 2252 948 2294 si
969 2266 1059 2294 non
1081 2253 1297 2301 habuero,
1322 2252 1400 2307 qui
1421 2251 1532 2293 mihi
1555 2252 1774 2294 auxilium
1796 2254 2011 2307 praestet,

315 2329 358 2365 et
388 2338 414 2365 a
440 2325 758 2366 Maiestatibus
786 2323 877 2366 suis
916 2323 1158 2366 derelictus
1192 2323 1332 2371 fuero,
1361 2327 1406 2364 et
1435 2336 1516 2378 ego
1543 2337 1646 2364 cum
1673 2336 1810 2377 regno
1835 2321 2012 2377 peri‘bo;

315 2395 476 2436 exinde
510 2395 772 2437 Maiestates
807 2409 961 2436 earum
996 2399 1041 2436 et
1077 2399 1178 2436 tota
1212 2393 1520 2435 christianitas
1552 2393 1796 2449 periclitari
1829 2391 2010 2448 poterit.
2029 2402 2067 2429 30

314 2465 384 2507 Sic
412 2480 493 2507 nec
523 2466 841 2507 Maiestatibus
870 2465 976 2515 suis,
1006 2479 1089 2507 nec
1118 2465 1229 2506 mihi
1259 2464 1463 2519 prodero.
1493 2465 1581 2507 Sed
1609 2464 1872 2506 Maiestates
1897 2462 2015 2504 Suae

317 2536 487 2577 faciant
518 2537 616 2586 hoc,
648 2541 699 2579 ut
731 2537 975 2592 dignentur
1003 2536 1186 2578 mittere
1216 2536 1365 2577 adhuc
1395 2549 1515 2577 anno
1544 2536 1633 2577 isto
1662 2535 1862 2590 quinque
1891 2533 2016 2575 milia

316 2606 551 2648 hominurn
596 2621 698 2649 cum
742 2607 976 2656 machinis,
1023 2621 1139 2662 quae
1183 2620 1336 2648 muros
1379 2606 1608 2661 frangunt.
1656 2607 1758 2648 Non
1803 2603 2014 2647 dubitent

316 2676 578 2719 Maiestates
598 2691 767 2727 earum,
790 2678 899 2733 quin
919 2678 1074 2733 procul
1096 2677 1235 2719 dubio
1255 2676 1300 2718 in
1321 2690 1500 2719 omnem
1520 2691 1667 2719 rerum
1683 2680 1897 2718 eventum
1919 2675 2016 2716 Deo

318 2748 514 2802 propitio
557 2753 600 2790 et
642 2762 829 2803 regnum
870 2749 1234 2791 Transsilvaniae
1275 2748 1592 2790 Maiestatibus
1633 2747 1724 2789 suis
1788 2747 2015 2801 integrum
2029 2755 2070 2781 35

468 2948 481 2967 ¹
503 2947 638 2982 Etiam
653 2948 770 2982 huius
786 2949 868 2983 dies
883 2960 931 2983 ex
946 2953 1083 2983 nostro
1098 2949 1289 2994 scriptore
1308 2952 1557 2994 compertum
1573 2953 1632 2983 est
1651 2960 1657 2983 ;
1685 2953 1792 2995 1536.
1818 2952 1892 2985 Die
1907 2953 2011 2988 festo

321 3004 571 3040 Ascensionis
585 3006 747 3040 Domini
762 3008 1047 3052 occupavimus
1067 3019 1091 3042 a
1105 3008 1279 3042 vaivoda
1292 3007 1518 3042 Moldaviae
1539 3018 1670 3042 arcem
1694 3009 2010 3056 Balvanyosvar.

322 3061 396 3095 Die
424 3074 518 3097 vero
547 3066 937 3100 commemorationis
967 3066 1151 3111 Corporis
1180 3066 1343 3100 Domini
1372 3067 1498 3101 nostri
1526 3067 1562 3111 J.
1595 3067 1634 3101 C.
1670 3071 1804 3103 totum
1846 3081 2011 3115 regnum

322 3120 472 3154 viritim
499 3123 690 3157 adversus
716 3124 933 3158 vaivodam
961 3124 1188 3159 Moldaviae
1215 3125 1414 3165 surrexit,·
1443 3126 1670 3171 iterumque
1690 3127 1753 3161 die
1772 3127 1808 3163 S.
1833 3129 2007 3164 Ladislai

324 3178 610 3214 descendimus.
643 3180 898 3223 (Tortenelmi
924 3182 1013 3222 Tar,
1046 3183 1154 3216 1880.
1183 3192 1272 3227 pag.
1301 3184 1403 3228 636.)
2023 3193 2063 3219 40
