2209 3643
129 833 155 859 3.
171 822 258 852 Febr.

135 1259 182 1287 23.
201 1249 275 1287 Aps.

135 1329 182 1349 11.
210 1319 282 1348 Maii

313 169 361 202 66
1087 159 1162 192 No.
1185 168 1231 201 54
1653 149 1726 203 [21.
1759 154 1868 199 Sept.
1906 163 1999 199 1503

317 298 575 351 Regnorum
606 297 863 334 nostrorum
896 287 1156 342 Hungariae
1188 291 1271 328 etc.
1307 299 1425 327 anno
1456 283 1715 332 tredecimo,
1760 282 2004 325 Boherniae

316 381 423 409 vero
452 364 678 407 tricesimo
708 361 855 403 tertio.

450 454 644 493 Titulus:
687 450 901 489 Fidelibus
928 448 1083 487 nostris
1110 447 1338 486 conventui
1365 446 1561 485 ecclesiae
1589 445 1639 484 de
1668 444 2007 483 Colosmonostra

315 528 390 566 pro
420 511 648 564 Spectabili
681 515 723 548 et
759 508 984 559 Magnifico
1014 507 1232 558 Stephano
1265 505 1449 544 vaivoda
1482 504 1720 543 Moldaviae
1753 507 1796 542 et
1831 503 2006 554 Bogdan

315 573 456 625 vayda
489 572 576 610 filio
608 569 807 609 eiusdem.
2043 577 2060 603 5

563 654 789 700 (Originale.
816 653 1011 697 Orszagos
1037 651 1233 691 Leveltar‚
1263 651 1482 695 Budapest.
1510 649 1573 683 Dl.
1602 649 1755 692 29023.)

461 737 747 781 Introductio
765 741 810 778 et
828 735 1022 778 statutio
1038 734 1283 790 praemissa
1302 734 1425 775 facta
1442 738 1509 775 est
1528 733 1639 774 feria
1655 737 1785 774 sexta
1802 731 2010 787 proxima

317 817 418 868 post
447 812 614 852 festum
644 807 979 850 Purificationis
1006 805 1201 860 Virginis
1230 804 1459 846 Gloriosae
1487 804 1545 845 ad
1573 803 1708 845 facies
1736 802 1847 844 dicti
1874 802 2010 844 castri

318 882 500 938 Chycho
542 894 623 935 pro
665 883 794 934 parte
833 877 1052 932 Stephani
1094 876 1316 917 vaivodae
1371 874 1690 916 Moldaviensis
1732 878 1776 915 et
1820 872 2010 927 Bogdan

317 953 480 1008 wayda
512 951 594 993 filii
626 950 842 998 eiusdem,
864 948 988 990 nullo
1021 947 1203 1003 penitus
1237 946 1569 988 contradictore
1602 945 1712 986 inibi
1747 948 2007 999 apparente.
2025 953 2060 979 10

316 1024 403 1067 Sed
432 1022 591 1065 relatio
611 1022 722 1063 haec
753 1024 1005 1062 conventus
1035 1018 1090 1060 de
1120 1017 1372 1059 statutione
1403 1016 1680 1071 praescripta
1710 1014 2011 1057 verisimiliter

318 1109 409 1137 non
452 1092 658 1149 pervenit
704 1091 763 1133 ad
807 1089 1119 1133 cancellariam
1164 1088 1345 1143 regiam,
1393 1087 1499 1142 quia
1544 1086 1774 1128 invenitur
1818 1086 2011 1127 alterum

319 1165 588 1207 mandatum
603 1163 773 1218 regium
787 1163 904 1203 hanc
919 1174 1102 1203 causam
1118 1164 1320 1201 tractans
1335 1158 1389 1200 de
1405 1158 1514 1199 dato
1523 1157 1680 1199 Eudae
1695 1157 1740 1198 in
1755 1157 1870 1198 festo
1880 1156 2012 1198 Beati

319 1235 555 1279 Adalberti
579 1233 776 1290 episcopi
796 1238 840 1275 et
856 1231 1070 1287 martyris
1092 1241 1202 1283 1503
1224 1230 1374 1283 vigore
1391 1229 1516 1271 cuius
1532 1233 1783 1270 conventus
1803 1227 2013 1269 ecclesiae

320 1309 375 1350 de
396 1307 761 1350 Colosmonostra
781 1304 891 1346 feria
912 1303 1074 1358 quinta
1094 1301 1302 1357 proxima
1335 1305 1437 1355 post
1459 1300 1627 1341 festum
1660 1299 1793 1340 Beati
1821 1298 2013 1353 Joannis
2026 1307 2064 1333 15

321 1383 426 1421 ante
454 1382 634 1433 portam
662 1375 874 1417 Latinam
902 1373 1132 1429 praefatos
1169 1372 1451 1426 Stephanum
1478 1370 1723 1412 vaivodam
1751 1375 1795 1411 et
1824 1369 2013 1424 Bogdan

320 1449 483 1505 wayda
522 1448 666 1489 filium
706 1446 906 1488 eiusdem
946 1444 1200 1486 introduxit
1240 1448 1285 1484 et
1325 1442 1489 1484 statuit
1529 1441 1575 1482 in
1614 1441 1864 1483 dominium
1904 1439 2013 1481 dicti

321 1520 456 1563 castri
481 1516 699 1574 Chycho.‘³

1127 1605 1196 1647 54.

750 1708 795 1749 N
798 1706 1013 1762 agyvdmd
1018 1741 1026 1755 ‚
1061 1717 1129 1746 21.
1163 1704 1425 1760 Septembris
1457 1716 1483 1744 Ι
1485 1714 1540 1756 5ο
1542 1714 1582 1755 3.

321 1801 523 1852 Georgius
555 1799 808 1849 Szathmary
842 1798 1063 1849 episcopus
1098 1795 1396 1833 Varadinensis
1431 1799 1473 1832 et
1509 1806 1647 1832 comes
1681 1792 1911 1831 comitatus
1945 1791 2013 1830 Bi·
2028 1803 2065 1830 20

589 1858 791 1897 hariensis
830 1856 1042 1895 nobilibus
1075 1867 1123 1893 ac
1157 1854 1411 1892 officialibus
1444 1853 1495 1891 de
1530 1853 1745 1903 Belenyes.

463 1958 749 2012 Privilegium
793 1960 1015 2011 pastorum
1064 1953 1345 1995 Valaclzorum
1388 1952 1437 1993 in
1480 1951 1678 1993 districtu
1730 1950 1936 2004 Bele'nyes
1981 1954 2017 1991 et

326 2030 528 2072 comitatu
557 2027 813 2070 Bilzariensi
840 2025 1081 2081 degentium
1109 2025 1158 2065 de
1186 2038 1273 2065 non
1301 2023 1513 2064 solvendis
1541 2021 1725 2063 mulctis.

471 2134 686 2189 Georgius
729 2133 897 2175 electus
939 2136 984 2174 et
1028 2131 1325 2173 confirmatus
1368 2129 1576 2171 ecclesiae
1619 2127 1922 2170 VVaradiensis
1965 2141 2016 2169 ac

328 2207 571 2248 comitatus
608 2204 899 2260 Byhoriensis
936 2216 1085 2245 comes
1122 2206 1381 2257 perpetuus,
1421 2199 1710 2242 cancellarius
1748 2199 1892 2253 regius
1929 2202 2013 2240 etc.
2031 2216 2067 2243 25

328 2277 559 2319 Universis
581 2280 625 2317 et
649 2275 833 2330 singulis
854 2273 1094 2323 nobilibus,
1112 2272 1367 2314 castellanis
1381 2276 1425 2313 et
1441 2270 1657 2313 waivodis
1679 2275 1724 2311 et
1747 2269 2017 2311 officialibus

328 2348 492 2389 nostris
521 2347 567 2388 in
595 2345 880 2402 pertinentiis
909 2343 1244 2386 Walachalibus
1273 2343 1559 2398 episcopatus
1587 2340 1729 2382 nostri
1758 2339 2017 2382 Waradien-

330 2419 388 2459 sis
424 2418 612 2459 ubilibet
650 2416 910 2459 constitutis
946 2420 991 2457 et
1028 2414 1340 2456 existentibus,
1377 2413 1593 2455 Salutem.
1633 2412 1914 2466 Conquestus
1950 2414 2017 2451 est

330 2488 459 2530 nobis
490 2488 708 2530 discretus
740 2488 842 2528 Dan
873 2486 1122 2542 praesbiter
1165 2484 1440 2526 Walachalis'
1468 2483 1523 2524 de
1550 2482 1832 2537 Jegesfalwa,
1877 2480 2018 2522 archi-

332 2559 546 2600 diaconus
585 2558 963 2614 praesbiterorum
1001 2561 1258 2598 nostrorum
1297 2553 1625 2596 &Valachalium
1658 2553 1712 2594 de
1737 2551 2019 2607 pertinentiis
2034 2570 2070 2596 30

333 2630 532 2679 Belenes,
566 2629 794 2684 quomodo
816 2642 897 2670 vos
919 2627 1112 2669 eundem
1144 2631 1188 2668 et
1220 2639 1325 2667 suos
1347 2624 1646 2680 praesbiteros
1677 2623 1762 2664 sibi
1793 2622 2019 2664 subiectos

334 2700 519 2741 diversis
554 2699 924 2741 tribulationibus
958 2703 1003 2740 et
1038 2697 1257 2753 byrsagiis
1292 2710 1343 2737 ac
1378 2695 1476 2737 aliis
1510 2694 1809 2736 solutionibus
1844 2697 1888 2734 et
1923 2706 2019 2746 gra-

334 2770 590 2811 vaminibus
633 2769 909 2825 impediretis
948 2783 999 2810 ac
1026 2767 1265 2815 vexaretis,
1295 2771 1432 2821 atque
1460 2770 1618 2807 contra
1645 2764 1741 2805 iura
1768 2768 1812 2804 et
1840 2763 2019 2804 liberta-

335 2844 427 2880 tem
451 2840 688 2882 sacerdotii
712 2840 910 2894 ipsorum
935 2839 1166 2894 byrsagia1
1181 2842 1225 2879 et
1241 2851 1376 2879 onera
1399 2835 1625 2877 iudicialia
1647 2848 1780 2889 super
1803 2833 1951 2888 ipsum
1975 2837 2018 2874 et

480 2957 495 2977 4
518 2957 742 3002 Conceptus
767 2957 975 2991 relatoriae
998 2956 1116 2990 huius
1140 2965 1269 2988 novae
1293 2953 1527 2988 statutionis
1551 2952 1643 2986 vide
1666 2951 1860 2995 Orszagos
1885 2950 2020 2985 Level-
2035 2957 2071 2984 35

337 3014 411 3053 tar,
440 3015 657 3059 Budapest.
685 3016 747 3049 Dl.
776 3016 912 3049 28002.

484 3073 498 3093 1
523 3073 701 3117 Birsagia
725 3085 805 3107 vox
829 3074 921 3107 solis
946 3073 1146 3117 Hungaris
1179 3074 1287 3111 nota,
1316 3082 1364 3105 ex
1389 3070 1521 3104 radice
1547 3068 1687 3113 Birsa‘g
1711 3079 1780 3103 seu
1805 3068 1956 3103 mulcta
1981 3071 2021 3102 et

340 3140 468 3174 poena
496 3131 701 3166 iudiciaria
730 3133 944 3177 desumpta
974 3135 1045 3166 est.
