2209 3643
349 206 397 237 92
1119 191 1196 225 No.
1220 201 1266 236 70
1729 185 1777 239 [2.
1799 190 1914 224 Febr.
1947 190 2042 234 1508

350 324 454 366 festi
488 322 848 378 Epiphaniarum
883 320 1067 362 Domini
1100 334 1221 361 nunc
1253 324 1471 361 venturas
1503 319 1701 374 legitime
1735 318 2045 374 perdurandas

351 408 501 437 coram
533 393 663 434 nobis
694 391 1007 446 comparendis
1029 391 1248 445 praefigat
1281 396 1325 432 et
1358 391 1563 446 deputet,
1597 390 1897 432 occultatores
1939 403 2046 431 vero

351 466 576 507 dictarum
608 476 756 504 rerum
788 467 832 503 et
864 462 1102 511 bonorum,
1135 461 1171 503 si
1202 462 1280 516 qui
1310 462 1477 503 fuerint
1509 461 1781 515 easdemque
1812 465 1857 502 et
1888 460 2046 501 eadem

351 536 409 577 ad
437 533 809 575 ammonitionem
837 533 980 574 nostri
1007 537 1052 574 et
1080 532 1220 574 vestri
1246 532 1482 574 hominum
1510 532 1695 574 reddere
1721 530 2044 580 recusaverint,

353 610 511 647 evocet
546 604 755 659 [eosdem]
790 604 927 645 homo
958 608 1113 645 noster
1143 608 1304 645 contra
1335 608 1609 645 annotatam
1640 603 1872 645 dominam
1915 601 2045 643 actri-
2083 613 2103 640 5

351 690 446 718 cern
491 679 694 716 nostram
740 675 786 716 in
831 674 1134 729 praesentiam
1180 680 1366 716 octavas
1412 674 1470 716 ad
1515 674 1770 729 praedictas
1825 673 2047 715 rationem

351 746 667 789 occultationis
698 745 944 787 eorundem
976 744 1244 787 reddituros.
1279 746 1340 787 Et
1373 750 1475 801 post
1507 746 1618 787 haec
1660 744 1918 786 huiusmodi
1949 757 2048 798 pos-

351 817 643 860 sessionariae
668 817 1054 865 reambulationis,
1073 817 1416 867 aestimationis,
1439 816 1763 872 occupationis,
1785 814 2050 858 statutionis

353 903 403 931 ac
429 889 627 943 homagii
651 888 902 937 solutionis,
928 902 1103 930 necnon
1126 889 1262 930 titulo
1285 888 1483 943 pignoris
1507 887 1786 936 statutionis,
1811 899 2050 940 rerumque

352 965 397 1002 et
434 959 657 1001 bonorum
695 959 938 1001 ablationis
974 959 1147 1009 seriem,
1186 973 1289 1001 cum
1326 959 1450 1000 dicta
1485 959 1583 1000 iura
1619 958 1969 1014 possessionaria
2004 970 2051 998 se
2066 972 2102 999 10

351 1031 572 1073 redimere
616 1030 731 1072 velle
775 1030 1073 1072 asserentium
1119 1031 1450 1072 occultatorum
1476 1035 1521 1071 et
1554 1034 1863 1078 evocatorum,
1908 1029 1945 1070 si
1973 1028 2051 1081 qui

353 1102 538 1151 fuerint,
567 1101 828 1143 nominibus
856 1106 1044 1142 octavas
1073 1101 1131 1142 ad
1158 1101 1428 1156 praedictas,
1457 1106 1509 1142 ut
1538 1101 1673 1142 fuerit
1702 1100 2049 1156 expediendum,

354 1173 485 1214 nobis
515 1186 598 1214 suo
628 1172 764 1214 modo
794 1172 1066 1214 rescribatis.

500 1244 674 1285 Datum
700 1243 937 1292 Coloswar,
964 1243 1232 1285 duodecimo
1257 1243 1328 1284 die
1353 1247 1620 1284 octavarum
1645 1242 1749 1283 festi
1774 1241 2051 1297 Epiphania-

353 1329 454 1356 rum
477 1315 661 1356 Domini
683 1314 1033 1369 praedictarum.
1057 1315 1190 1356 Anno
1212 1314 1412 1356 eiusdem
1434 1314 1669 1355 Millesimo
1691 1312 2052 1368 quingentesimo
2067 1327 2104 1353 15

355 1390 534 1428 octavo.

494 1488 689 1527 Titulus:
740 1488 898 1526 Amicis
947 1487 1032 1526 suis
1082 1487 1341 1525 Reverendis
1390 1486 1578 1538 capitulo
1626 1485 1822 1524 ecclesiae
1859 1485 2053 1524 Albensis

353 1547 752 1599 Transsylvanensis
771 1560 847 1598 pro
867 1547 1079 1586 Generosa
1098 1559 1146 1585 ac
1167 1547 1393 1597 Magnifica
1413 1546 1585 1584 domina
1606 1545 1842 1583 Katherina
1861 1548 2054 1583 consorte

356 1607 537 1645 Illustris
566 1607 726 1645 domini
757 1607 973 1645 Laurentii
1002 1606 1120 1644 ducis
1149 1606 1201 1644 de
1230 1605 1383 1656 wylak
1413 1610 1561 1644 contra
1592 1604 1804 1642 Illustrem
1834 1604 2053 1642 dominum

356 1666 533 1716 Bogdan
554 1666 783 1704 vaivodam
805 1666 1043 1704 Moldaviae
1062 1678 1186 1716 super
1206 1665 1392 1716 quadam
1413 1663 1740 1716 possessionaria
1756 1663 2051 1709 restatutione‚
2067 1682 2107 1708 20

355 1725 704 1771 reambulatione,
728 1725 1036 1770 aestimatione,
1061 1725 1339 1775 occupatione
1361 1736 1409 1762 ac
1432 1723 1616 1774 homagii
1638 1723 1848 1761 solutione
1869 1726 1912 1761 et
1933 1722 2053 1760 satis—

355 1785 552 1830 factione,
585 1797 748 1823 necnon
779 1785 964 1836 pignoris
995 1784 1243 1829 statutione,
1276 1796 1499 1834 rerumque
1529 1787 1571 1821 et
1602 1782 1810 1820 bonorum
1841 1781 2056 1820 ablatione

356 1856 430 1894 per
460 1849 654 1882 nostrum
687 1848 729 1882 et
760 1848 951 1882 vestrum
983 1843 1174 1881 homines
1204 1843 1332 1881 modo
1363 1842 1636 1893 intrascripto
1667 1841 1831 1879 fiendis.
1866 1840 2056 1891 Quarum

356 1903 493 1949 series,
525 1908 573 1941 ut
603 1903 730 1942 fuerit
760 1903 1071 1954 expediendum
1101 1902 1155 1940 ad
1185 1906 1361 1940 octavas
1390 1901 1487 1940 festi
1516 1900 1855 1952 Epiphaniarum
1883 1899 2057 1938 Domini

360 1974 473 2001 nunc
505 1966 783 2001 venturarum
817 1962 1002 2012 legitime
1034 1961 1401 2013 perdurandarum
1435 1964 1498 1999 est
1531 1959 1802 2011 reportanda.
2070 1966 2110 1993 25

506 2074 794 2116 Proclamata
840 2078 884 2115 et
931 2073 1175 2116 extradata
1220 2087 1299 2128 per
1345 2086 1416 2114 me
1462 2071 1730 2126 Magistrum
1775 2070 2059 2125 Stephanum

359 2144 690 2200 Werb[ew]czii.
1718 2141 2058 2183 Adiudicatum.

608 2250 834 2295 (Originale.
871 2250 1066 2295 Orszagos
1099 2249 1296 2290 Leveltar‚
1333 2249 1553 2294 Budapest.
1589 2249 1653 2283 Dl.
1690 2247 1844 2292 29920.)

1173 2401 1240 2442 70.

878 2512 1022 2557 Buda.
1063 2524 1102 2553 2.
1146 2511 1380 2553 Februarii
1417 2510 1544 2564 1508.
2074 2520 2113 2546 3⁰

363 2600 615 2640 Wladislaus
639 2602 695 2641 ΙΙ.
721 2614 794 2640 rex
815 2602 1059 2653 Hungariae
1082 2602 1270 2654 capitulo
1292 2601 1489 2641 ecclesiae
1510 2600 1706 2639 Albensis
1728 2599 2056 2651 Transylvanae.

507 2700 777 2742 Mandatum
799 2702 1075 2743 statutorum
1101 2706 1231 2757 super
1251 2701 1521 2756 possessione
1549 2700 1739 2755 Algyo'gy
1773 2700 1822 2741 in
1855 2699 2060 2740 comitatu

363 2770 677 2823 Hunyadiensi
705 2772 902 2814 existenti
928 2777 1007 2827 pro
1033 2777 1155 2828 parte
1190 2772 1337 2814 Radul
1375 2772 1579 2814 vuivodae
1622 2770 1856 2812 Valaclzz'ae
1896 2769 2059 2810 Trans-

367 2840 544 2895 alpinae
567 2845 604 2882 et
626 2842 720 2883 eius
743 2843 955 2894 familiae.

510 2945 782 2988 Wladislaus
829 2948 913 2989 Dei
959 2947 1107 3002 gratia
1153 2961 1231 2989 rex
1279 2946 1540 3001 Hungariae
1586 2950 1631 2987 et
1679 2944 1923 2986 Bohemiae
1969 2949 2054 2987 etc.
2072 2967 2110 2993 35

368 3013 596 3057 Fidelibus
653 3017 820 3058 nostris
878 3019 1079 3073 capitulo
1136 3018 1346 3060 ecclesiae
1415 3016 1623 3058 Albensis
1693 3014 2054 3057 Transsilvanae.

365 3082 566 3126 Salutem
597 3091 641 3127 et
671 3087 878 3140 gratiam.
930 3088 1041 3130 Cum
1070 3101 1152 3129 nos
1183 3087 1598 3129 animadvertentes
1627 3099 1826 3140 saneque
1856 3085 2056 3127 conside-

367 3158 520 3211 rantes
540 3155 874 3210 integerrimam
890 3158 1025 3199 fidem
1042 3172 1093 3200 ac
1109 3158 1342 3200 fidelitatis
1357 3156 1663 3199 constantiam
1678 3155 2055 3210 servitiorumque
