2209 3643
327 212 400 254 25]
1085 203 1158 237 No.
1184 212 1254 246 213
1731 194 1778 249 [7.
1801 199 1894 233 Dec.
1921 209 2015 243 1535

326 339 419 394 ipse
445 336 654 379 dominus
678 333 886 376 waivoda
911 331 1101 374 tradidit
1127 330 1238 372 mihi
1258 330 1421 385 viginti
1442 330 1639 372 Balahos
1664 343 1767 370 cum
1792 327 2021 370 securibus

328 412 504 450 armata
523 406 662 448 etiam
681 418 833 446 manu.
857 403 943 458 Qui
962 416 1035 444 me
1053 415 1196 456 usque
1215 402 1494 442 Maramaros
1512 414 1592 455 per
1611 400 1734 455 alpes
1754 398 2021 454 asperrimos

327 480 504 521 deserta
530 477 628 518 loca
653 478 868 530 parantes
894 477 1087 521 meatus,
1116 472 1268 514 trabes
1295 471 1499 526 ingentes
1526 470 1753 525 mirosque
1779 468 2021 511 altissimas

327 548 580 591 scindentes
597 545 968 587 transduxerunt.
988 544 1218 585 Moratum
1234 547 1301 585 est
1319 542 1364 583 in
1381 542 1560 597 alpibus
1576 541 1735 583 diebus
1750 545 1795 583 et
1811 538 2022 581 noctibus

327 633 418 667 sex,
438 617 558 660 unde
577 622 621 658 et
641 616 744 671 equi
762 619 863 657 tum
882 615 1002 656 fame
1020 613 1173 670 pressi,
1194 618 1295 655 tum
1314 613 1452 655 etiam
1472 612 1615 668 gradu
1632 625 1798 666 magno
1816 611 2021 665 frequen·
2058 623 2077 648 5

328 690 453 744 tique
477 686 614 742 rupti,
641 686 686 727 in
712 686 890 741 alpibus
914 688 1192 727 manserunt.
1221 684 1522 726 personaliter
1546 682 1831 724 desiderabili
1855 680 2020 729 animo,

328 765 378 802 ut
406 758 544 801 etiam
572 761 801 812 oporteret
842 757 1002 805 facere,
1054 755 1113 797 ad
1147 755 1251 797 ΜῐΘΪΠ
1278 755 1378 796 Vram
1427 767 1751 810 properassem.
1789 751 2023 808 Oppressit

328 836 482 872 tamen
511 842 583 870 me
612 827 881 870 infortivum
922 826 1232 882 aegritudinis,
1263 826 1300 868 si
1328 826 1424 881 ipse
1451 824 1712 867 Altissimus
1741 824 2024 879 aliquantam

328 900 486 943 salutis
512 903 689 954 partem
716 897 998 947 concesserit,
1027 897 1098 939 die
1125 901 1169 939 et
1195 901 1329 939 nocte
1355 896 1624 939 festinanter
1649 895 1876 937 accedam.
1905 894 2025 936 Nam

328 985 409 1013 nec
440 970 616 1019 litteris,
649 984 731 1011 nec
775 983 854 1024 per
899 968 1086 1011 nuntios
1116 969 1223 1009 Mt?m
1247 969 1348 1010 Vram
1384 967 1633 1009 certificare
1663 980 1754 1008 non
1786 966 1931 1008 audeo
1971 965 2077 1007 dem

330 1041 604 1097 quibusdam
640 1040 803 1089 verbis,
842 1053 959 1095 quae
994 1039 1290 1095 personaliter
1314 1033 1381 1080 Mti
1405 1039 1496 1080 Vrae
1520 1037 1811 1079 manifestare
1836 1037 2023 1079 debebo.

474 1105 539 1153 Mti
561 1112 650 1153 Vm
679 1111 945 1166 Magnificus
971 1110 1182 1152 dominus
1225 1111 1386 1152 Petrus
1421 1108 1630 1151 waivoda
1649 1112 1694 1150 et
1723 1109 1879 1150 haeres
1917 1108 2026 1150 Mol-

331 1183 556 1225 daviensis
584 1186 856 1238 perpetuum
877 1181 1279 1236 fidelissimumque
1309 1179 1546 1222 servitium
1572 1183 1811 1234 tamquam
1843 1179 2027 1221 domino

330 1268 412 1296 suo
443 1253 791 1296 clementissimo
835 1252 958 1294 dicit.
1005 1253 1154 1307 Rogat
1199 1251 1538 1306 quamprimum
1580 1248 1683 1292 Mtem
1709 1250 1811 1291 me
1839 1250 2028 1305 Regiam

331 1325 593 1380 dignaretur
635 1324 817 1366 mittere
849 1324 907 1365 ad
938 1324 1043 1365 M‘em
1077 1324 1342 1365 Caesaream
1384 1322 1614 1364 hominem
1658 1335 1806 1371 suum,
1838 1325 1890 1363 ut
1921 1334 2027 1362 mox
2044 1330 2082 1356 15

332 1400 515 1438 moveat
544 1395 756 1437 universa
785 1399 933 1436 castra
959 1394 1076 1436 Suae
1104 1393 1370 1442 Maiestatis,
1401 1407 1509 1434 nam
1538 1397 1719 1448 tempus
1747 1392 1838 1433 iam
1867 1391 1995 1433 adest
2017 1404 2026 1441 ;

331 1480 438 1508 nam
473 1467 723 1508 Turcarum
758 1465 1078 1520 imperatorem
1114 1464 1304 1506 abstulit
1340 1468 1525 1505 satanas
1559 1467 1716 1518 gentes
1750 1462 1889 1505 etiam
1924 1475 2029 1503 suas

333 1552 529 1580 unacum
547 1551 611 1580 eo.
635 1538 784 1592 Rogat
803 1537 955 1586 etiam,
975 1541 1026 1578 ut
1044 1536 1258 1578 Maiestas
1275 1536 1347 1577 Vra
1364 1535 1568 1577 mitteret
1588 1534 1817 1576 hominem
1835 1533 2029 1575 alterum

335 1609 392 1651 ad
408 1623 557 1663 regem
575 1608 788 1650 Poloniae
804 1621 886 1663 pro
902 1607 1107 1663 paranda
1124 1621 1248 1662 pace.
1268 1607 1471 1648 Haberct
1488 1605 1627 1648 etiam
1645 1619 1799 1647 curam
1816 1604 2029 1646 Maiestas

334 1681 405 1722 Vra
430 1679 630 1721 civitatis
656 1679 935 1728 Cibiniensis‚
962 1692 1078 1734 quae
1103 1678 1194 1720 iam
1219 1691 1394 1719 summe
1426 1681 1493 1719 est
1531 1690 1744 1732 oppressa
1767 1689 1846 1731 per
1881 1675 2030 1730 ipsum
2045 1684 2083 1710 20

335 1751 554 1806 Maylath.
572 1750 807 1805 Supplicat
825 1748 1064 1805 superinde
1081 1749 1175 1804 ipse
1191 1749 1402 1791 dominus
1431 1747 1653 1797 waivoda,
1671 1751 1724 1789 ut
1740 1746 2030 1802 Magnificum

335 1822 569 1864 dominum
623 1822 939 1863 Balthasarem
1000 1820 1169 1875 Banffy
1233 1833 1372 1874 quam
1426 1818 1640 1860 citissime
1692 1818 1906 1860 Maiestas
1958 1817 2030 1859 Vra

336 1893 538 1935 mitteret
579 1893 706 1948 [cum]
748 1892 868 1933 mille
905 1891 1068 1933 saltem
1106 1890 1350 1946 equitibus,
1390 1903 1494 1931 cum
1531 1889 1719 1931 tandem
1756 1887 2028 1930 intellexerit

336 1964 484 2019 ipsum
516 1963 751 2005 dominum
782 1962 951 2018 Banffy
983 1961 1189 2016 attigisse
1221 1961 1279 2003 ad
1310 1961 1602 2002 Maramaros.
1638 1960 1691 2001 In
1723 1973 1775 2001 ea
1806 1959 1882 2001 via
1911 1959 2028 2000 iacet

337 2039 535 2076 castrum
573 2034 825 2083 Chichowa‚
864 2033 987 2088 quod
1024 2037 1092 2075 est
1129 2032 1270 2087 ipsius
1306 2031 1478 2073 domini
1514 2030 1763 2079 waivodae,
1801 2029 2030 2085 promittit
2048 2037 2084 2064 25

338 2119 383 2147 se
418 2105 519 2147 illac
554 2105 738 2146 obviarn
773 2104 957 2146 domino
992 2103 1160 2159 Banffy
1195 2103 1377 2144 mittere
1410 2102 1616 2144 homines
1649 2114 1837 2142 numero
1870 2099 2034 2154 viginti

338 2176 480 2218 millia
511 2176 800 2230 ingressuros,
834 2188 1031 2217 unacum
1063 2188 1115 2216 eo
1147 2174 1206 2215 ad
1227 2173 1452 2216 Cibinium
1470 2187 1479 2223 ;
1513 2172 1607 2228 ipse
1639 2176 1793 2214 autem
1826 2171 2035 2213 dominus

338 2247 547 2288 waivoda
565 2247 649 2288 ibit
668 2246 982 2288 Brassowiam.
1004 2244 1126 2287 Dicit
1146 2245 1285 2286 etiam
1302 2244 1414 2286 nulli
1433 2243 1563 2285 alteri
1582 2243 1760 2285 credere
1777 2246 2036 2296 terramque

340 2317 802 2359 Transsilvaniensem
846 2316 1144 2364 committere,
1190 2329 1329 2370 quam
1372 2315 1456 2369 ipsi
1499 2314 1582 2356 soli
1625 2313 1810 2355 domino
1852 2311 2034 2367 Banfiy,

341 2388 471 2430 fratri
496 2401 578 2430 suo
604 2388 880 2437 charissimo,
908 2387 987 2436 ita,
1015 2391 1067 2428 ut
1093 2386 1243 2428 nullus
1269 2386 1383 2428 alter
1408 2385 1680 2440 gubernaret
1712 2388 1880 2425 terram
1913 2382 2036 2424 illam
2051 2391 2089 2419 30

343 2458 526 2513 ipseque
574 2459 699 2500 fieret
755 2458 964 2500 waivoda
1030 2456 1471 2499 Transsilvaniensis.
1524 2454 1627 2497 Mtem
1677 2455 1777 2497 Vram
1825 2454 2036 2496 Sacramam

345 2534 578 2571 conservet
608 2529 908 2584 Omnipotens
937 2529 1060 2571 Deus
1088 2542 1167 2583 per
1195 2528 1329 2582 longa
1357 2531 1578 2582 tempora.

488 2601 637 2642 Datae
655 2614 710 2641 ex
729 2600 913 2641 castello
929 2600 1133 2654 Seregne,
1153 2598 1198 2639 in
1218 2597 1371 2653 vigilia
1390 2596 1705 2652 Conceptionis
1723 2594 1891 2637 Mariae
1911 2603 2034 2647 1535.

487 2671 702 2712 Eiusdem
735 2670 901 2725 Regiae
933 2664 1013 2712 Mtis
1043 2670 1133 2711 Vrae
1165 2669 1310 2710 fidelis

1494 2761 1685 2803 Michael
1716 2761 1892 2815 Posgay
1922 2773 2036 2814 mpr.
2056 2771 2090 2798 35

482 2880 745 2919 Intitulatz'o:
782 2880 976 2919 Sacramae
1006 2880 1160 2930 Regiae
1204 2876 1266 2918 Mti
1284 2882 1325 2917 et
1370 2876 1540 2916 domino
1588 2879 1666 2914 etc.
1713 2873 1901 2914 Domino
1945 2886 2039 2913 meo

345 2939 678 2978 clementissimo.

644 3040 976 3085 (Autographum.
1011 3037 1299 3078 Staatsarchjv‚
1336 3036 1462 3070 Wien.
1498 3035 1596 3068 Hun
1611 3031 1771 3077 garica.)
