2209 3643
308 225 380 260 270
1001 209 1075 244 No.
1099 218 1300 253 224-225
1690 202 1763 257 [18.
1785 208 1874 254 Jan.
1901 217 1997 253 1537

306 345 417 387 eben
461 343 610 385 solche
651 340 745 382 und
783 338 1031 393 dergleiche
1060 337 1218 379 Arbeit
1250 338 1440 379 machen
1470 337 1689 379 kiindten.
1723 338 1829 380 Und
1859 338 1998 380 darzu

306 416 466 456 hatten
494 413 609 454 auch
637 411 708 452 die
742 409 1039 451 Handelsleut
1080 409 1153 450 fiir
1192 408 1286 450 sich
1326 409 1419 450 ihre
1447 408 1573 463 eigne
1607 408 1701 450 und
1727 409 1997 450 mancherlei

306 486 496 526 VVaaren
522 482 616 524 und
642 481 797 529 Giiter,
830 480 971 521 durch
996 480 1162 521 welche
1188 479 1250 521 sie
1276 479 1372 521 sich
1393 480 1525 533 (ohne
1543 479 1714 521 solches
1731 479 1994 534 Riemfring,

305 555 491 597 welches
515 552 647 594 allein
671 551 750 593 auf
773 551 867 592 ihre
891 551 1008 592 Zech
1032 565 1087 592 zu
1110 550 1353 592 verfiihren
1376 550 1494 604 sehe)
1523 550 1692 591 ehrlich
1715 550 1810 591 und
1831 564 1996 604 genug-

308 639 404 667 sam
423 624 625 666 erhalten
644 622 864 670 kiindten,
885 621 1028 676 gleich
1046 621 1127 662 wie
1146 621 1262 662 auch
1281 621 1374 662 ihre
1393 621 1688 662 Vor-Elteren
1708 621 1797 662 ohn
1817 620 1996 662 Handel
2033 632 2050 657 5

305 696 399 737 und
441 694 734 747 Verkauiung
776 692 950 734 solches
994 692 1266 746 Riemfrings
1309 691 1404 733 sich
1447 691 1615 733 ehrlich
1657 692 1859 733 erhalten
1902 691 1997 733 und

304 766 492 821 genahrt
534 765 695 806 hatten
718 798 724 805 .
750 798 757 805 .
782 798 790 805 .
834 763 919 804 Die
953 763 994 805 U
996 763 1221 804 niversitdt
1249 763 1357 804 stellt
1385 763 1454 804 die
1483 763 1538 804 M
1540 762 1786 804 issbrduclze
1814 762 1878 804 ab.

448 835 682 877 Beschehn
711 834 757 876 in
785 834 864 876 der
894 833 1257 875 Hermannstadt
1288 833 1332 874 in
1360 833 1556 887 generali
1583 838 1737 875 nostra
1766 833 1998 875 iudiciaria

307 906 663 962 congregatione,
693 906 738 947 in
774 905 890 947 festo
926 905 1096 946 Beatae
1131 904 1402 947 Catharinae
1435 904 1643 959 Virginis.
1685 905 1818 945 Anno
1870 902 1996 957 1536.

445 996 668 1041 (Originale.
707 995 927 1031 Archivum
962 995 1139 1030 civitatis
1174 996 1447 1041 Nagyszeben.
1486 997 1844 1043 Zunttabteilung.)
2013 1008 2048 1035 10

1096 1126 1200 1167 224.

827 1225 967 1274 Wien,
1000 1226 1068 1267 18.
1102 1225 1319 1278 januarii
1350 1236 1476 1278 1537.

406 1315 697 1354 Ferdinandus
718 1315 750 1354 Ι.
772 1327 845 1354 rex
867 1314 1109 1365 Hungariae
1129 1315 1255 1352 Petro
1276 1315 1405 1367 Rares
1424 1313 1632 1352 vaivodae
1652 1312 1898 1352 Moldaviae.

447 1416 632 1458 Litterae
664 1415 944 1458 credentiales
976 1415 1130 1456 nuntio
1163 1414 1219 1455 M
1222 1414 1368 1455 oldavo
1402 1412 1597 1454 redeunti
1628 1413 1763 1454 datae.

445 1509 716 1564 Spectabilis
743 1515 787 1552 et
810 1509 1050 1564 Magnifice
1073 1508 1218 1550 fidelis
1239 1513 1284 1550 et
1306 1508 1476 1550 sincere
1498 1506 1628 1549 nobis
1654 1506 1828 1549 dilecte.
2012 1528 2047 1554 15

450 1581 676 1623 Nuntium
713 1586 861 1629 tuum,
913 1579 1155 1634 Egregium
1192 1579 1459 1634 Gregorium
1497 1578 1822 1633 Rosenberger,
1861 1591 1997 1633 quem

306 1652 364 1695 ad
394 1665 475 1694 nos
506 1652 668 1694 misisti
698 1652 744 1693 in
774 1651 857 1700 his,
890 1665 1007 1706 quae
1038 1650 1168 1692 nobis
1198 1650 1380 1692 nomine
1410 1654 1455 1692 et
1486 1649 1635 1692 verbis
1666 1649 1756 1690 tuis
1787 1648 1997 1704 exposuit

305 1724 550 1766 clementer
566 1723 826 1765 audivimus
856 1723 1094 1777 multaque
1112 1726 1346 1777 praeterea
1365 1720 1496 1762 nobis
1518 1713 1610 1762 Rd⁰⁵
1640 1721 1776 1762 Pater
1803 1720 1998 1762 devotus

305 1795 472 1836 sincere
504 1794 634 1836 nobis
666 1794 871 1842 dilectus,
902 1793 1103 1847 Joannes
1135 1792 1497 1847 archiepiscopus
1529 1790 1781 1833 Lundensis
1818 1795 1862 1832 et
1906 1791 1997 1846 epi-

304 1880 466 1921 scopus
488 1865 837 1913 Rosehildensis,
866 1863 1028 1906 Sacrae
1063 1864 1305 1906 Caesareae
1337 1868 1381 1905 et
1415 1862 1674 1905 Catholicae
1707 1861 1874 1916 Regiae
1917 1855 2049 1908 Mt³⁵20

306 1936 582 1979 consiliarius
608 1941 652 1978 et
680 1950 758 1992 per
783 1936 1074 1978 Germaniam
1101 1939 1253 1977 orator
1279 1935 1334 1976 de
1360 1939 1406 1976 te
1431 1939 1476 1976 et
1503 1934 1655 1975 animo
1680 1946 1784 1987 erga
1809 1946 1891 1974 nos
1916 1937 1997 1974 tuo

304 2007 473 2057 retulit,
512 2007 571 2049 ad
607 2021 723 2062 quae
759 2007 913 2049 omnia
946 2006 1106 2061 benige
1142 2005 1469 2060 respondimus,
1507 2004 1640 2046 sicuti
1676 2008 1776 2045 tum
1813 2017 1840 2045 a
1875 2003 1998 2045 dicto

305 2079 466 2121 nuntio
491 2084 586 2128 tuo,
614 2078 685 2120 cui
711 2078 850 2120 iidem
875 2077 1041 2120 habere
1066 2077 1190 2126 velis,
1217 2081 1317 2117 tum
1343 2090 1398 2117 ex
1423 2075 1585 2117 litteris
1621 2074 1815 2130 praefati
1855 2074 1997 2116 archi-

304 2150 502 2205 episcopi
536 2149 765 2191 Lundensi
798 2148 1029 2204 percipies,
1061 2148 1119 2190 ad
1162 2160 1275 2202 quas
1317 2160 1399 2188 nos
1440 2146 1674 2188 referimus
1716 2145 1998 2187 confidentes

306 2225 351 2262 te
370 2221 589 2262 eiusmodi
607 2220 662 2262 de
681 2233 896 2275 responso
914 2233 966 2261 ac
983 2223 1140 2261 nostra
1158 2219 1203 2260 in
1222 2222 1268 2259 te
1286 2217 1583 2273 propensione
1602 2221 1869 2258 contentum
1888 2216 1995 2258 fore.
2012 2235 2051 2262 25

450 2292 623 2333 Datum
664 2291 878 2340 Viennae,
921 2290 987 2332 18.
1026 2289 1234 2344 Januarii
1275 2299 1398 2343 1537.

653 2382 903 2428 (Conceptus.
932 2380 1218 2420 Staatsarchiv,
1249 2380 1374 2414 Wien.
1405 2378 1662 2424 Hungarica.)

1109 2511 1208 2552 225.

693 2609 993 2663 [Sutschawd
1029 2608 1168 2650 medio
1206 2607 1381 2663 Aprilis
1417 2608 1574 2660 1537]

398 2701 546 2738 Petrus
569 2700 698 2752 Rares
725 2699 914 2738 vaivoda
936 2698 1172 2738 Moldaviae
1196 2697 1462 2737 Ferdinando
1485 2697 1517 2735 Ι.
1542 2695 1627 2746 regi
1650 2694 1902 2745 Hungariae.
2013 2701 2048 2727 30

451 2798 576 2852 Origo
597 2798 884 2839 dissensionis
918 2798 1030 2839 inter
1062 2798 1118 2838 M
1120 2797 1337 2839 oldaviam
1358 2800 1395 2837 et
1410 2794 1644 2837 Poloniam
1663 2794 1773 2835 situs
1791 2793 1999 2834 Pocutiae

308 2872 408 2915 emt,
442 2882 549 2922 quae
580 2868 736 2922 perdiu
767 2869 823 2909 ad
855 2868 1130 2909 Moldaviam
1161 2866 1410 2922 pertinebat.
1448 2865 1521 2906 Ad
1552 2869 1702 2920 pacem
1733 2863 1998 2905 condendam

309 2938 399 2978 dies
421 2938 685 2979 Pentecostes
711 2952 737 2979 a
762 2952 852 2993 rege
874 2938 1084 2980 Poloniae
1109 2942 1155 2979 ut
1179 2937 1390 2979 terminus
1414 2936 1566 2977 electus
1590 2939 1662 2976 est.

451 3032 574 3072 Serme
610 3031 819 3086 princeps
846 3036 891 3073 et
915 3031 1110 3081 domine,
1136 3031 1318 3074 domine
1340 3029 1469 3072 nobis
1492 3027 1826 3084 gratiosissime.
1852 3026 1997 3069 Oboe-

311 3100 528 3141 dientiam
567 3114 747 3142 omnem
785 3116 888 3143 cum
927 3102 1163 3144 fidelitate.
1206 3103 1365 3144 Petrus
1404 3099 1488 3141 Dei
1524 3098 1671 3154 gratia
1707 3098 1914 3140 waivoda
1951 3102 1996 3140 et
2008 3111 2046 3139 35

312 3170 520 3211 dominus
549 3184 600 3212 ac
627 3171 782 3212 haeres
811 3176 1055 3227 perpetuus
1083 3176 1229 3214 terrae
1256 3169 1596 3214 Moldawiensis.
