2209 3643
136 1604 181 1624 10.
204 1593 270 1633 Jan.

135 1884 183 1905 11.
205 1876 270 1914 Jan.

134 1962 182 1983 12.
206 1953 272 1992 Jan.

136 2097 185 2119 12.
208 2089 274 2127 Jau.

289 189 311 222 8
1077 186 1150 220 No.
1180 185 1200 218 8
1569 180 1641 234 [24.
1669 184 1850 229 Januarii
1878 194 1972 230 1475

288 319 536 360 Tuscorum
568 320 612 358 et
644 315 805 369 viginti
836 315 959 356 milia
990 314 1260 355 rusticorum
1292 328 1394 355 cum
1426 314 1669 363 securibus,
1703 314 1899 356 fossoriis
1929 318 1975 356 et

290 387 537 443 capisteriis
562 400 643 441 pro
668 386 845 427 viarum
870 384 1189 439 explanatione
1215 398 1266 426 ac
1297 384 1528 426 obsidione
1565 384 1970 439 munitionumque,

291 462 509 500 venerant
539 471 640 498 cum
670 456 732 497 eis
761 456 815 496 de
844 454 1060 509 Bulgaria
1091 455 1161 510 [et]
1194 454 1383 496 intravit
1407 455 1698 497 Moldaviam.
1719 455 1974 510 Stephanus

291 533 444 570 autem
475 527 672 568 vaivoda
702 525 1020 567 Moldaviensis
1051 525 1281 566 intellecto
1311 526 1514 567 adventu
1544 526 1807 575 Turcorum,
1838 524 1974 567 unde-

291 611 466 652 cunque
487 597 653 651 potuit,
681 595 921 650 acquisivit
957 595 1176 637 auxilium
1211 609 1237 636 a
1267 596 1429 638 Siculis
1463 601 1506 638 et
1533 596 1630 637 aliis
1663 596 1822 638 vicinis
1854 595 1974 644 locis,
2016 611 2031 636 5

292 683 346 710 ex
385 667 594 709 Valachis
645 671 799 708 autem
838 665 929 707 suis
968 666 1354 708 Moldaviensibus
1392 667 1552 708 habuit
1593 666 1723 721 quasi
1762 676 1816 720 50
1854 665 1977 707 milia

291 738 539 786 hominum,
573 751 627 778 ex
660 736 888 791 Hungaris
920 737 1107 778 armatis
1141 737 1265 786 1800,
1299 737 1462 791 quibus
1494 737 1774 792 congregatis
1805 736 1975 785 videns,

293 809 414 864 quod
447 822 537 849 non
570 812 720 863 posset
754 807 910 849 Turcis
943 821 1172 849 occurrere
1205 808 1250 849 in
1284 808 1468 862 campis,
1504 808 1758 850 retrocessit
1791 807 1850 849 ad
1881 807 1979 848 loca

293 879 480 921 fortiora
513 883 557 920 et
592 879 696 920 fecit
732 878 992 920 comburere
1026 892 1206 920 omnem
1239 879 1533 933 provinciam,
1568 893 1647 934 per
1680 892 1817 933 quam
1851 881 1978 919 erant

292 950 473 992 venturi
503 950 650 999 Turci,
683 963 738 990 ne
768 949 987 990 haberent
1018 949 1249 999 victualia,
1295 949 1372 1003 qui
1415 949 1524 991 dum
1568 949 1792 1004 aliquibus
1824 948 1980 990 diebus
1999 969 2033 997 10

293 1021 481 1075 penuria
530 1020 796 1062 victualium
847 1020 1127 1061 laborassent
1189 1025 1234 1062 et
1284 1020 1464 1074 fatigati
1526 1024 1687 1069 essent,
1754 1019 1981 1060 faciebant

292 1096 446 1133 tamen
472 1096 574 1146 post
601 1105 646 1132 se
672 1091 888 1132 victualia
914 1091 1085 1132 deferre
1122 1091 1177 1133 de
1214 1091 1511 1146 Transalpina
1535 1105 1614 1146 per
1639 1104 1794 1132 currus
1818 1094 1863 1131 et
1890 1089 1983 1131 ani-

293 1161 442 1210 malia,
469 1175 585 1216 quae
610 1175 700 1203 non
725 1166 938 1216 poterant
964 1175 1016 1203 eo
1041 1166 1244 1216 tempore
1268 1161 1408 1215 sequi.
1436 1162 1785 1216 Deputaverunt
1810 1164 1985 1215 septem

293 1232 512 1274 vaivodas
544 1233 791 1274 Turcorum
825 1233 884 1274 ad
915 1232 1190 1287 rumpendas
1222 1232 1454 1286 indagines
1484 1246 1567 1286 pro
1598 1231 1862 1286 recipiendis
1894 1230 1985 1272 vic-

293 1303 509 1352 tualibus,
533 1317 623 1344 non
647 1307 832 1352 remote,
856 1303 935 1344 ubi
957 1308 1085 1345 erant
1106 1303 1242 1345 Siculi
1264 1308 1308 1345 et
1331 1307 1487 1358 gentes
1506 1302 1725 1357 Stephani
1747 1301 1984 1349 vaivodae,
2004 1324 2040 1349 15

295 1374 458 1428 quibus
491 1373 626 1415 iidem
657 1374 794 1415 Siculi
828 1378 1116 1416 occurrerunt
1139 1374 1197 1416 ad
1218 1387 1422 1429 pugnam
1456 1377 1500 1415 et
1533 1376 1877 1428 prostraverunt
1912 1384 1987 1413 eos

294 1445 339 1486 in
359 1445 557 1499 quodam
576 1445 673 1487 loco
692 1449 830 1486 arcto.
854 1446 924 1486 Ex
943 1445 1031 1486 alia
1049 1450 1178 1500 parte
1197 1445 1362 1486 iterum
1381 1448 1643 1498 receperunt
1663 1444 1738 1485 illa
1756 1442 1986 1491 victualia,

295 1529 410 1571 quae
431 1515 713 1558 ducebantur
732 1520 835 1571 post
855 1517 1037 1557 Turcos.
1060 1515 1277 1557 Videntes
1297 1520 1466 1564 autem,
1489 1514 1612 1569 quod
1631 1515 1816 1556 fortuna
1834 1527 1989 1555 eorum

294 1591 644 1642 prosperaretur,
685 1587 730 1628 in
769 1587 884 1628 festo
919 1586 1074 1628 Sancti
1113 1586 1241 1628 Pauli
1279 1586 1412 1641 primi
1450 1585 1692 1634 Eremitae,
1733 1584 1856 1639 quod
1893 1588 1989 1626 erat

293 1657 403 1699 feria
428 1658 564 1699 tertia
590 1658 644 1699 de
671 1671 803 1699 mane
830 1657 918 1699 toti
943 1658 1157 1700 exercitui
1185 1658 1434 1699 Turcorum
1461 1657 1506 1698 in
1533 1656 1732 1710 quadam
1758 1655 1919 1697 stricta
1943 1658 1988 1696 et
2005 1679 2041 1705 20

293 1728 500 1769 luctuosa
523 1729 653 1778 valle,
679 1729 757 1770 ubi
780 1729 911 1770 Turci
936 1733 1121 1783 propter
1144 1728 1274 1770 vallis
1298 1732 1474 1769 arctum
1498 1727 1637 1768 situm
1660 1740 1751 1768 non
1774 1728 1987 1780 poterant

294 1812 339 1840 se
371 1799 429 1840 ad
460 1800 720 1841 conflictum
753 1800 865 1840 bene
897 1799 1140 1841 extendere
1171 1804 1216 1841 et
1249 1799 1343 1840 alas
1375 1798 1579 1846 dilatare,
1608 1800 1898 1838 occurrerunt
1931 1795 1990 1837 ad

294 1883 509 1924 pugnam,
538 1875 697 1912 contra
724 1884 836 1925 quos
863 1870 999 1912 tertia
1026 1870 1154 1919 feria,
1183 1871 1253 1912 die
1282 1883 1333 1911 ac
1359 1874 1505 1918 nocte,
1527 1868 1590 1909 sic
1610 1881 1692 1909 suo
1717 1868 1854 1909 modo
1880 1866 1991 1908 feria

296 1945 461 1995 quarta
484 1955 626 1996 usque
651 1942 709 1983 ad
733 1941 891 1983 feriam
915 1941 1125 1996 quintam
1149 1941 1211 1982 sic
1236 1940 1415 1982 fortiter
1437 1942 1771 1994 pugnaverunt,
1797 1937 1876 1979 sed
1898 1951 1990 1978 non

296 2016 507 2066 poterant
551 2026 730 2054 movere
773 2012 1022 2054 exercitum
1064 2013 1327 2060 Tuscorum,
1371 2025 1426 2052 ex
1469 2023 1559 2064 quo
1601 2014 1697 2050 erat
1740 2008 1989 2050 multitudo
2005 2032 2041 2058 25

298 2096 474 2137 magna.
505 2083 709 2125 Tandem
738 2083 848 2124 feria
876 2084 1038 2137 quinta
1065 2083 1136 2124 die
1164 2082 1415 2124 lucescente
1444 2080 1685 2122 fortissime
1713 2079 1759 2121 in
1787 2092 1861 2120 eos
1889 2092 1989 2133 pro-

294 2153 528 2203 siluerunt,
570 2154 738 2196 multos
777 2169 833 2196 ex
872 2154 934 2195 eis
973 2153 1218 2196 occidendo
1259 2152 1437 2207 sagittis
1477 2155 1521 2193 et
1549 2150 1726 2192 lanceis.
1773 2149 1989 2191 Videntes

293 2223 425 2265 Turci
455 2238 545 2266 non
574 2238 704 2279 posse
734 2225 951 2274 resistere,
983 2230 1111 2279 terga
1140 2228 1388 2272 verterunt,
1421 2235 1534 2276 quos
1564 2220 1751 2263 Valachi
1781 2224 1825 2262 et
1853 2220 1989 2262 Siculi

295 2307 347 2335 ac
382 2295 550 2349 Ungari
587 2296 889 2350 insequentes,
926 2296 1128 2337 maxima
1180 2298 1329 2348 strage
1365 2294 1626 2341 affecerunt,
1663 2291 1845 2332 bassam
1879 2291 1989 2332 Tur-

295 2378 463 2415 corum,
491 2366 633 2407 filium
659 2366 942 2421 imperatoris
968 2371 1013 2408 et
1039 2366 1199 2420 Alibeg
1218 2379 1319 2406 cum
1342 2363 1568 2406 nonnullis
1594 2362 1800 2404 vaivodis
1825 2362 1990 2403 Turco-
2007 2385 2042 2411 30

296 2449 396 2476 rum
437 2441 481 2477 et
520 2437 725 2490 plurimis
765 2438 1013 2479 Turcorum
1054 2435 1356 2492 captivando;
1391 2449 1446 2475 ex
1487 2433 1575 2475 alia
1614 2437 1744 2488 parte
1784 2431 1991 2474 Bozorad

295 2506 453 2555 maior,
473 2506 550 2561 qui
569 2512 665 2549 erat
684 2508 729 2549 in
748 2508 948 2562 quodam
967 2512 1118 2549 castro
1137 2506 1343 2549 obsessus
1359 2519 1438 2560 per
1455 2505 1638 2552 Tuscos
1658 2503 1817 2545 videns
1836 2503 1991 2557 fugam

296 2577 559 2626 Tuscorum,
588 2578 642 2620 de
668 2583 817 2620 castro
841 2579 1049 2633 prosiluit
1075 2582 1120 2620 et
1147 2590 1312 2631 magna
1337 2576 1504 2617 damna
1529 2574 1686 2616 Turcis
1711 2573 1992 2628 fugientibus

297 2646 467 2696 intulit,
495 2648 615 2690 unde
642 2653 742 2690 tota
769 2649 993 2691 fortitudo
1019 2649 1269 2691 Turcorum
1296 2646 1516 2700 dissipata
1543 2644 1712 2693 extitit,
1741 2657 1874 2699 super
1900 2657 1992 2698 qua

298 2717 491 2759 victoria
519 2722 619 2760 tota
645 2719 959 2761 Transilvania
986 2734 1107 2761 nunc
1136 2719 1182 2760 in
1210 2717 1441 2771 triumpho
1470 2715 1595 2758 ducit
1624 2715 1718 2756 dies
1745 2728 1862 2756 suos.
1895 2714 1991 2755 Ista
2008 2739 2043 2765 35

300 2787 422 2829 Deus
446 2788 693 2831 misericors
716 2804 835 2832 nunc
859 2795 1073 2845 operatus
1095 2794 1163 2831 est
1187 2803 1266 2844 per
1287 2787 1479 2829 humiles
1502 2799 1664 2827 manus
1686 2785 1921 2826 hominurn
1945 2784 1990 2825 in

301 2857 605 2901 destructione
646 2860 930 2902 inimicorum
971 2860 1332 2902 christianorum.

445 2929 515 2970 Ex
553 2930 716 2979 Torda,
758 2931 867 2972 feria
906 2931 1042 2973 tertia
1081 2930 1288 2986 proxima
1326 2932 1433 2969 ante
1472 2927 1639 2968 festum
1679 2924 1990 2968 Conversionis

291 2997 449 3040 Sancti
475 3000 602 3041 Pauli
626 3001 831 3055 apostoli.
857 3003 989 3043 Anno
1014 3012 1139 3056 1475.

443 3092 667 3138 (Originale.
702 3095 890 3129 Archivio
922 3095 963 3130 di
992 3096 1119 3134 Stato,
1153 3093 1335 3129 Venezia.
1370 3091 1536 3126 Edidit:
1570 3091 1677 3124 Mon.
1712 3090 1846 3134 Hung.
1882 3089 1989 3124 Hist.
2006 3103 2043 3128 40

298 3151 399 3185 Acta
425 3154 562 3185 extera
585 3153 662 3186 vol.
689 3153 742 3186 II.
768 3164 858 3199 pag.
887 3154 1116 3198 299—300.)
