2209 3643
208 208 265 243 15.
288 198 382 235 Dee.
409 195 518 250 1530]
965 203 1038 239 No.
1065 204 1134 249 178
1832 217 1904 248 219

199 329 516 386 Supplicamus
544 325 610 372 M'i
652 332 742 373 Vrae
781 332 956 381 Sacrae,
987 339 1038 375 ut
1068 339 1224 389 gentes
1252 349 1370 386 suas,
1401 340 1537 392 capta
1558 337 1704 386 Buda,
1736 337 1795 380 ad
1822 351 1904 379 nos

202 401 452 451 festinaret,
474 415 528 444 ex
556 416 646 457 quo
677 407 861 445 tantum
893 406 1112 447 momenti
1143 406 1276 448 rebus
1308 407 1600 450 Maiestatum
1638 409 1903 450 Vestrarum

202 472 390 522 accedit,
417 477 467 514 ut
492 474 621 515 nobis
645 478 689 516 et
714 474 798 516 hac
821 476 1055 530 provincia
1079 477 1282 519 liberatis
1306 478 1377 520 vel
1401 479 1635 529 violenter,
1661 480 1733 521 vel
1755 479 1903 535 gratia

201 543 600 594 Transsilvaniam,
631 545 992 600 Transalpinam,
1023 548 1300 590 Moldaviam
1329 549 1374 590 in
1403 563 1532 591 suam
1562 550 1781 592 ditionem
1810 555 1901 592 tra—

170 625 186 650 5
202 613 311 655 hent
335 618 369 664 ,1
399 619 484 657 etc.

349 685 524 736 Cibim‘i,
555 697 620 740 15.
650 687 912 730 Decembris
942 699 1066 741 1530.

347 780 572 825 (Originale.
626 781 913 822 Staatsarchiv,
963 784 1089 818 VVien.
1133 785 1375 829 Hungarica.
1419 786 1583 821 Edidit:
1629 788 1777 822 Archiv
1832 789 1901 823 des

202 838 388 873 Vereines
420 840 483 874 fiir
511 840 858 886 siebenburgische
887 843 1184 879 Landeskunde
1209 845 1287 878 vol.
1314 846 1372 879 28.
1397 857 1487 891 pag.
1513 848 1744 892 503—504.)

994 995 1091 1036 178.

145 1109 182 1136 10
722 1103 863 1153 Wien,
887 1116 955 1158 15.
979 1105 1227 1148 Decembris
1249 1118 1375 1160 1530.

199 1192 406 1231 Martinus
434 1193 645 1244 Sydonius
675 1199 716 1232 et
744 1195 932 1244 Joannes
969 1195 1107 1234 Fuchs
1150 1196 1286 1234 nuntii
1330 1198 1713 1249 Transylvanenses
1756 1200 1895 1239 Ferdi-

669 1254 810 1293 nando
843 1254 874 1293 Ι.
909 1255 994 1305 regi
1027 1256 1281 1306 Hungariae.

340 1353 593 1395 Periculum
627 1367 676 1395 ex
709 1358 830 1409 parte
863 1355 919 1396 M
922 1355 1388 1398 oldavo-Valaclzommz
1422 1358 1671 1401 imminens.

344 1459 597 1509 Caeterum,
641 1459 677 1501 si
720 1460 971 1502 exercitum
1013 1462 1109 1503 sine
1151 1462 1388 1517 stipendiis
1431 1463 1475 1505 in
1509 1465 1894 1508 Transsilvaniam

146 1548 180 1573 15
198 1530 536 1579 deduxerimus,
566 1544 662 1579 nos,
699 1531 777 1585 qui
812 1532 978 1581 fideles,
1015 1533 1148 1587 pauci
1183 1537 1228 1575 et
1263 1534 1446 1589 penitus
1480 1535 1549 1577 his
1583 1536 1729 1578 tribus
1764 1538 1894 1579 annis

197 1601 405 1643 exhausti
439 1615 610 1650 sumus,
635 1615 717 1643 nec
738 1602 973 1651 militibus,
1007 1617 1089 1644 nec
1120 1604 1251 1645 nobis
1284 1605 1513 1647 consulere
1546 1620 1597 1648 ac
1628 1621 1790 1662 parum
1823 1609 1895 1650 vel

195 1672 309 1713 nihil
341 1672 449 1714 dare
481 1672 743 1727 poterimus.
780 1673 1004 1715 Dabimus
1036 1678 1192 1716 tamen
1225 1689 1368 1730 usque
1402 1676 1460 1717 ad
1493 1677 1693 1719 animam
1727 1679 1894 1729 omnia,

196 1756 313 1798 quae
341 1743 636 1798 possidemus.
666 1743 711 1785 51
739 1744 797 1785 ab
826 1745 1055 1786 hostibus1
1084 1745 1130 1786 vi
1159 1746 1493 1796 extorserimus,
1525 1748 1772 1804 adiungent
1801 1763 1896 1792 sese

195 1813 356 1856 vicinis
382 1814 562 1863 nostris,
592 1814 807 1856 Moldavo
834 1819 878 1857 et
907 1815 1119 1857 Valachis
1147 1830 1198 1858 ac
1224 1817 1427 1859 Tartaris
1455 1822 1499 1859 et
1527 1819 1698 1869 Tuscis,
1721 1834 1894 1876 nosque

142 1902 179 1929 20
193 1898 285 1926 una
321 1898 425 1926 cum
462 1883 684 1927 militibus
731 1879 814 1926 Mffis
854 1886 945 1927 Vme
981 1900 1035 1927 ex
1084 1886 1207 1928 omni
1257 1892 1387 1942 parte
1436 1889 1692 1944 oppriment
1741 1890 1894 1946 sicque

194 1955 344 1998 denuo
369 1969 558 2010 regnum
586 1955 880 2007 amittemus;
911 1962 996 1999 ctc.

340 2027 514 2068 Datum
541 2027 757 2076 Viennae,
790 2037 856 2080 15.
888 2027 1054 2069 mensis
1082 2028 1357 2070 Decembris.
1388 2030 1522 2072 Anno
1550 2031 1734 2073 Domini
1765 2044 1890 2086 1530.

340 2120 565 2166 (Originale.
607 2121 894 2161 Staatsarchiv,
951 2121 1077 2155 W'ien.
1120 2122 1362 2167 Hungarica.
1422 2123 1586 2159 Edidit:
1626 2126 1776 2161 Archiv
1827 2128 1896 2163 des

195 2180 382 2215 Vereines
413 2180 477 2215 fiir
504 2181 853 2226 siebenburgische
881 2182 1178 2215 Landeskunde
1205 2182 1283 2215 vol.
1310 2183 1369 2216 28.
1394 2193 1485 2229 pag.
1510 2184 1614 2229 506.)

141 2317 176 2343 25
345 2311 358 2332 1
377 2310 637 2357 Ostermayer
658 2311 694 2356 (l.
716 2322 748 2346 c.
770 2312 872 2356 499.)
890 2312 1027 2346 scribit
1045 2313 1151 2347 idem
1171 2323 1177 2347 :
1208 2314 1255 2347 In
1274 2314 1421 2349 diesem
1445 2315 1586 2360 (1530.)
1603 2317 1703 2362 Jahr
1720 2317 1793 2352 hat
1811 2317 1895 2352 sich

195 2369 258 2403 ein
279 2380 431 2415 grosser
449 2370 566 2405 Sterb
585 2371 626 2404 in
646 2382 746 2416 ganz
765 2371 1060 2416 Siebenburgen
1097 2373 1282 2413 erhoben,
1306 2374 1388 2407 und
1408 2373 1461 2408 ist
1481 2374 1544 2408 ein
1565 2375 1747 2410 turkisch
1768 2376 1894 2411 Bassa

195 2432 302 2464 531111
317 2429 409 2463 dem
417 2429 735 2464 wallachischern
752 2430 909 2475 Wayda
926 2431 1007 2464 und
1024 2431 1285 2475 gefangenem
1294 2431 1450 2477 Maylat
1467 2433 1554 2467 fuer
1570 2433 1673 2468 Cron
1690 2435 1891 2476 kommen‚

195 2488 278 2522 und
304 2488 392 2522 weil
418 2498 491 2522 vor
517 2489 587 2523 der
611 2488 731 2523 Stadt
758 2490 830 2523 das
854 2489 982 2534 Spert,
1012 2490 1052 2522 in
1079 2490 1149 2523 der
1172 2489 1292 2525 stadt
1320 2491 1384 2525 die
1409 2502 1542 2536 grosse
1570 2493 1664 2528 Pest
1690 2494 1889 2538 grassiert,

194 2546 268 2581 1131
284 2557 325 2580 01
341 2547 397 2581 510
412 2558 664 2592 gezwungen,
684 2549 777 2582 dass
794 2548 849 2582 sie
866 2549 949 2582 sich
965 2548 1035 2582 auf
1052 2549 1120 2582 des
1138 2548 1251 2583 Hans
1271 2549 1423 2594 Konigs
1438 2550 1521 2586 Seit
1537 2552 1664 2596 geben
1681 2556 1865 2587 muessen
1882 2563 1891 2594 ;

143 2613 177 2641 30
195 2615 276 2639 von
299 2605 384 2640 hier
407 2606 491 2640 sein
515 2606 571 2641 sie
594 2607 669 2641 mit
693 2608 783 2641 dem
808 2617 974 2651 ganzem
998 2607 1102 2640 Volk
1126 2608 1253 2641 under
1275 2608 1340 2642 die
1363 2609 1670 2651 Hermamtadt,
1697 2612 1893 2646 darinnen

195 2662 385 2699 Nicolaus
400 2664 583 2705 Gerendi,
606 2665 754 2700 welche
774 2666 886 2700 stark
908 2665 1222 2700 Ferdinandisch
1242 2667 1461 2711 geblieben,
1485 2669 1568 2702 und
1588 2669 1675 2703 weil
1695 2670 1751 2704 sie
1770 2670 1892 2704 ihnen

194 2723 235 2756 in
253 2723 323 2757 der
337 2723 458 2758 Stadt
474 2724 543 2758 nix
560 2725 821 2769 abgewinnen
838 2725 1008 2764 konnen,
1021 2725 1153 2759 haben
1171 2725 1226 2759 sie
1243 2727 1413 2770 geraubt
1429 2728 1512 2761 und
1529 2727 1590 2762 ins
1610 2728 1723 2762 Land
1731 2729 1892 2763 wieder-

197 2782 293 2816 umb
308 2792 480 2827 gezogen
496 2783 578 2817 und
595 2784 672 2817 den
687 2783 843 2828 Maylat
859 2783 1083 2828 gefanglich
1097 2784 1242 2817 wieder
1257 2785 1507 2829 mitgefiihrt.
1527 2787 1574 2820 In
1591 2787 1660 2820 der
1675 2787 1893 2822 Wallachei

196 2840 292 2874 aber
316 2840 370 2875 ist
396 2842 466 2875 der
490 2841 647 2887 Maylat
674 2842 745 2876 frei
766 2843 925 2876 worden
951 2843 1032 2876 und
1054 2843 1152 2876 siber
1173 2843 1442 2887 Fogarascher
1469 2844 1615 2890 Gebirg
1641 2846 1891 2880 selbstander

142 2899 237 2935 35111
265 2899 438 2944 Fogaras
461 2900 664 2935 kommen.

341 2994 354 3014 1
380 2993 491 3028 Idest
513 2995 768 3040 Johannitas.
