2209 3643
181 186 241 213 22.
262 176 373 222 Junii
398 170 509 226 1533]
944 176 1019 210 No.
1046 178 1116 219 196
1808 185 1884 220 ²35

190 321 299 350 nam
325 310 474 349 totam
500 319 620 349 nunc
648 306 706 349 ad
731 319 778 348 se
804 306 1009 361 subigere
1036 312 1080 349 et
1109 320 1184 349 eos
1210 321 1366 349 omnes
1392 321 1545 349 secum
1572 320 1813 356 assumere,
1842 320 1894 349 ac

191 379 250 421 ad
295 377 647 433 expugnandam
705 376 940 419 civitatem
1000 378 1300 420 Cibiniensem
1346 384 1391 420 et
1438 383 1639 420 castrum
1697 378 1894 433 Fogaras

192 449 383 492 educere
416 448 506 490 iam
539 453 706 498 tentat,
740 448 1042 503 pertinentiae
1075 449 1214 491 etiam
1247 449 1446 504 Fogaras
1478 449 1569 491 iam
1602 463 1681 504 per
1712 448 1894 491 eosdem

193 523 442 575 occupatae
476 519 702 561 dicuntur.
740 518 906 561 Omnia
939 519 1080 561 etiam
1115 533 1277 575 pecora
1311 525 1356 562 et
1391 525 1613 569 armenta,
1649 519 1815 575 quibus
1848 533 1895 561 se

159 590 355 633 scivitas
392 589 657 633 Cibiniensis
705 590 872 638 alebat,
911 604 1027 645 quae
1062 604 1152 632 non
1189 604 1336 646 pauca
1370 596 1514 640 erant,
1552 595 1778 646 quantum
1814 604 1896 646 pro

191 675 347 704 eorum
390 660 751 710 necessitatibus,
791 666 897 703 sunt
948 661 1113 703 abacta
1151 667 1195 703 et
1235 662 1447 704 abducta.
1486 661 1531 703 Si
1569 661 1784 704 Maiestas
1821 662 1894 703 Vra

191 737 348 789 gentes
387 737 431 774 et
471 731 822 787 expeditionem,
864 745 1003 787 quam
1043 732 1140 774 fieri
1179 733 1564 788 supplicabamus,
1605 732 1892 788 expediebat,

189 804 315 846 nulla
332 803 508 845 ratione
527 803 622 858 ipse
642 802 782 845 Gritti
802 803 1002 845 audebat
1022 803 1161 845 etiam
1181 817 1283 845 cum
1304 803 1602 845 Moldaviensi
1621 807 1667 845 et
1685 803 1894 845 Transal-

191 873 367 930 pinensi
398 873 784 916 Transsilvaniam
817 873 999 916 intrare.
1032 873 1078 916 Si
1111 874 1350 923 Cibinium,
1385 874 1508 929 quod
1540 874 1665 916 Deus
1696 879 1893 924 avertat,

136 957 174 985 10
193 944 499 1000 occupaverit,
536 958 628 986 non
664 958 746 999 pro
779 945 958 999 Joanne
994 944 1090 1000 ipse
1126 945 1266 987 Gritti
1304 945 1561 1000 occupabit,
1599 945 1679 987 sed
1715 945 1890 987 Caesari

190 1017 455 1059 Turcarum.
490 1016 554 1058 Ut
600 1020 755 1058 autem
799 1015 978 1071 saepius
1022 1016 1252 1058 Maiestati
1284 1017 1376 1058 V'ffl'
1410 1015 1780 1071 significavimus,
1815 1015 1893 1071 qui

191 1087 391 1144 possidet
431 1086 672 1136 Cibinium,
711 1086 912 1142 possidet
952 1092 996 1128 et
1036 1091 1184 1129 totam
1222 1087 1622 1129 Transsilvaniam.

337 1158 460 1200 Dicit
487 1158 626 1200 etiam
652 1157 773 1200 idem
798 1158 950 1206 homo,
975 1158 1248 1200 castellanus
1278 1158 1488 1200 videlicet
1516 1158 1652 1200 castri
1679 1158 1891 1213 Fogaras,

192 1229 429 1272 Caesarem
454 1229 705 1271 Turcarum
743 1228 928 1271 omnino
967 1228 1194 1271 advenire.
1235 1229 1335 1271 Hoc
1361 1234 1517 1271 tamen
1543 1228 1774 1271 Maiestati
1799 1229 1890 1270 Vm*e

141 1313 174 1339 15
191 1300 337 1355 magis
363 1305 525 1342 notum
553 1304 636 1349 est,
664 1300 710 1341 in
737 1313 829 1355 quo
856 1299 1076 1342 consistat
1097 1314 1106 1350 ;
1135 1314 1295 1342 verum
1322 1300 1357 1342 si
1385 1300 1475 1341 iam
1503 1300 1651 1342 Turca
1676 1299 1819 1342 exibit
1846 1304 1892 1341 et

192 1371 418 1414 Cibinium
449 1375 763 1426 expugnatum
793 1370 948 1420 fuerit,
979 1375 1076 1412 tam
1108 1385 1162 1412 ex
1193 1376 1315 1412 terra
1344 1375 1445 1413 tota
1475 1371 1891 1426 Transalpinamm,

190 1442 450 1484 Moldaviae
475 1446 519 1483 et
545 1441 908 1484 Transsilvam'ae
932 1455 1024 1484 non
1049 1455 1241 1497 parvam
1265 1446 1447 1496 gentem
1471 1441 1644 1484 levabit
1669 1446 1714 1484 et
1739 1455 1892 1483 secum

192 1513 240 1555 in
268 1512 338 1555 sui
366 1512 586 1555 auxilium
615 1512 791 1562 educet,
822 1526 962 1568 quam
1002 1517 1157 1554 tamen
1197 1513 1412 1554 Maiestas
1439 1513 1512 1554 Vra
1543 1526 1624 1568 pro
1652 1526 1699 1555 se
1726 1512 1892 1554 habere

192 1589 390 1640 poterat,
421 1583 457 1625 si
488 1583 824 1639 expeditionem
853 1583 899 1625 in
928 1583 1315 1625 Transsilvaniam
1343 1597 1435 1625 non
1464 1583 1704 1633 mutabat;
1733 1589 1818 1625 etc.

140 1667 177 1694 20
338 1655 513 1697 Datum
547 1654 742 1704 Posonii,
778 1666 845 1708 23.
882 1654 1048 1696 Martii.
1084 1655 1217 1696 Anno
1250 1654 1435 1696 Domini
1471 1666 1596 1708 1532.

338 1748 564 1793 (Originale.
591 1749 880 1788 Staatsarchiv,
903 1748 1029 1782 VVien.
1046 1748 1290 1793 Hungarica.
1313 1749 1476 1784 Edidit:
1500 1748 1650 1783 Archiv
1671 1749 1740 1783 des
1758 1749 1891 1783 Verei-

192 1815 261 1843 nes
280 1807 345 1843 fiir
370 1809 716 1853 siebenbiirgische
741 1808 1036 1843 Laudeskunde
1061 1807 1139 1841 vol.
1166 1808 1224 1842 28.
1248 1818 1339 1854 pag.
1364 1808 1467 1853 550.)

994 1960 1094 2002 196.

728 2070 918 2119 Furem}
951 2081 1019 2111 22.
1052 2069 1189 2123 Iunii
1219 2081 1347 2122 1533.

139 2160 315 2202 zswlad
348 2161 532 2200 vaivoda
571 2160 797 2199 Valachiae
830 2160 1047 2212 Stephano
1079 2160 1272 2210 Bathory
1305 2159 1514 2198 vaivodae
1549 2158 1890 2210 Transylvaniae.

341 2260 536 2302 Vastatio
583 2260 798 2316 Stephani
843 2260 1034 2303 §zbrcsei
1080 2260 1129 2302 in
1180 2260 1405 2302 Valaclzia.
1453 2259 1668 2315 Impietas
1713 2260 1892 2302 Karan-

192 2331 500 2373 sebesiensizzm
528 2332 575 2373 in
605 2332 760 2387 legatos
788 2332 1005 2374 vaivodae.
1037 2331 1151 2373 Eius
1182 2331 1396 2372 iustitiam
1425 2330 1642 2386 implorat.

335 2436 604 2493 Spectabilis
639 2443 685 2480 et
717 2438 958 2493 Magnifice
990 2437 1186 2486 domine,
1221 2437 1402 2479 domine
1427 2437 1582 2486 frater,
1607 2436 1750 2479 amice
1784 2437 1893 2479 vici-

193 2521 341 2563 neque
361 2508 634 2550 charissime.
657 2509 767 2551 Post
787 2509 982 2550 salutem
1002 2522 1054 2550 ac
1075 2508 1376 2549 fraternitatis
1396 2507 1624 2549 amicitiae
1655 2507 1892 2564 bonaeque

143 2578 444 2627 ¹20vicinitatis
476 2584 659 2622 nostrae
693 2580 897 2622 debitam
932 2578 1387 2621 commendationem.

339 2650 530 2691 Noverit
561 2650 636 2691 V¹²²
666 2650 935 2706 Spectabilis
966 2655 1011 2692 et
1043 2649 1287 2703 Magnifica
1329 2648 1609 2698 Dominatio‚
1643 2649 1766 2703 quod
1796 2663 1891 2691 sae-

193 2719 296 2775 pius
318 2721 555 2776 conquesti
577 2721 795 2764 fuerimus
816 2722 907 2763 Vrae
928 2720 1174 2776 Spectabili
1208 2725 1253 2761 et
1287 2720 1557 2775 Magnificae
1579 2720 1893 2762 Dominationi

195 2803 251 2832 ex
284 2796 414 2846 parte
446 2791 666 2846 Stephani
700 2793 954 2848 Zewrchey,
990 2796 1165 2846 quanta
1199 2790 1400 2845 dampna
1433 2791 1479 2832 in
1514 2791 1693 2846 alpibus
1725 2791 1892 2833 nostris

194 2874 296 2903 cum
324 2862 416 2903 suis
442 2863 650 2904 malificis
676 2863 807 2905 nobis
826 2862 996 2911 intulit,
1020 2875 1213 2916 quorum
1234 2875 1377 2916 usque
1403 2862 1490 2903 huc
1517 2861 1630 2903 nihil
1655 2862 1893 2904 restituere

141 2931 354 2981 ⁸5voluit,
392 2946 474 2974 nec
509 2933 626 2975 vult.
667 2933 948 2975 Recordetur
995 2932 1133 2974 etiam
1162 2932 1235 2973 Vra
1262 2931 1533 2987 Spectabilis
1568 2937 1614 2974 et
1650 2932 1893 2988 Magnifica

195 3001 473 3052 Dominatio,
503 3003 614 3045 dum
641 3009 685 3046 et
714 3004 898 3059 quando
930 3002 1273 3058 potentissimus
1306 3003 1468 3044 Caesar
1498 3003 1747 3045 Turcorum
1778 3004 1892 3045 Aus-

196 3072 331 3113 triam
375 3073 605 3116 invaserat
649 3075 980 3129 praedecessor,
1014 3073 1225 3115 videlicet
1258 3073 1392 3115 Wlad
1434 3073 1643 3115 waivoda
1684 3074 1892 3116 Transal-

195 3141 406 3196 pinensis,
428 3144 653 3186 tributum
673 3145 796 3200 regni
824 3145 966 3186 nostri
993 3143 1382 3198 Transalpinensis
1409 3143 1494 3198 ipsi
1523 3143 1700 3186 Caesari
1726 3145 1892 3187 Turco—
