2209 3643
300 236 349 279 46
1069 223 1143 256 No.
1166 231 1209 267 41
1654 217 1727 271 [26.
1752 222 1863 267 Junii
1894 232 1988 267 1495

301 363 389 404 rios
419 376 473 403 ex
504 357 790 415 pertinentiis
826 356 1052 397 dictorum
1083 359 1333 394 castrorum
1356 358 1389 395 t.
1423 358 1467 395 et
1491 357 1522 395 t.
1556 353 1706 395 dicare
1745 357 1790 394 et
1819 352 1995 408 exigere

301 431 529 485 dicarique
548 435 593 471 et
613 428 729 482 exigi
749 428 895 468 facere
913 426 1038 466 nullo
1057 425 1193 466 modo
1215 424 1528 479 praesumatis,
1550 424 1628 466 sed
1648 423 1828 465 eosdem
1848 423 1994 466 eidem

298 503 528 558 Stephano
555 498 814 554 waywodae
853 496 1205 550 hominibusque
1231 495 1322 536 suis
1354 509 1434 550 per
1465 495 1614 551 ipsum
1642 495 1700 536 ad
1732 495 1816 536 hoc
1855 495 1994 550 depu-

301 573 410 615 tatis
449 585 528 626 per
557 570 818 612 universum
847 572 1029 622 tempus
1056 566 1180 608 vitae
1208 580 1316 608 suae
1343 566 1480 608 libere
1508 571 1552 608 et
1582 566 1676 607 sine
1704 565 1828 607 omni
1855 565 1992 621 impe-

300 645 503 685 dimento
547 645 592 683 et
637 638 995 681 contradictione
1038 637 1282 692 exigendos
1323 642 1367 679 et
1410 637 1682 692 colligendos
1729 636 1991 692 relinquere.
2030 647 2047 672 ὃ

302 715 486 756 Datum.

440 805 572 849 (Liber
600 803 863 838 formularum
892 802 1179 847 archiepiscopi
1207 802 1362 836 Nicolai
1391 802 1519 842 Olahi,
1551 801 1618 836 fol.
1653 812 1710 843 19.
1743 801 1994 836 Bibliotheca

298 864 514 900 conventui
538 864 588 898 de
611 863 730 908 Jaszo
754 863 826 896 Ms.
854 862 928 895 No.
957 862 1032 907 78.)

1110 977 1180 1018 41.

850 1077 994 1125 Euda,
1031 1076 1099 1117 26.
1135 1075 1273 1129 funii
1306 1087 1433 1130 1495.

301 1169 652 1208 Bartholomaeus
684 1167 847 1218 Dragfy
878 1166 1062 1205 vaivoda
1106 1165 1420 1216 Transylvanus
1454 1165 1682 1204 conventui
1715 1165 1910 1204 ecclesiae
1943 1164 1994 1203 de
2010 1177 2043 1204 10

956 1225 1342 1264 Kolozsmonostor.

443 1321 713 1363 Mandatum
766 1319 1052 1361 evocatorium
1100 1323 1178 1373 pro
1240 1322 1360 1373 parte
1409 1318 1688 1359 dominarum
1736 1317 1995 1359 Catherz'nae

298 1393 467 1434 relictae
488 1396 525 1433 et
545 1391 737 1447 Sophiae
758 1390 966 1432 consortis
998 1389 1236 1431 Michaelis
1269 1388 1405 1442 Szoby
1432 1393 1577 1429 contra
1604 1388 1876 1444 Stephanum
1904 1389 1995 1430 vai-

297 1464 449 1505 vodam
469 1464 525 1504 M
528 1463 723 1505 oldavz'ae
744 1466 781 1503 et
801 1461 936 1503 socios
957 1461 1007 1502 de
1027 1460 1293 1502 restitutione
1313 1473 1457 1500 rerum
1476 1473 1626 1501 earum
1645 1458 1994 1514 parajernalium

300 1535 349 1576 in
368 1534 638 1589 possessione
657 1533 804 1575 Csicso
830 1537 901 1573 ete.
2007 1544 2045 1571 15

443 1633 613 1675 Amicis
640 1634 731 1675 suis
757 1632 1036 1675 Reverendis
1056 1631 1303 1674 conventui
1322 1630 1534 1672 ecclesiae
1552 1631 1607 1673 de
1628 1631 1994 1673 Colosmonostra

299 1705 648 1747 Bartholomeus
678 1704 853 1759 Dragfy
886 1704 941 1745 de
973 1702 1210 1745 Belthewk
1248 1702 1457 1744 waivoda
1495 1701 1908 1744 Transsilvanensis
1947 1705 1992 1743 et

296 1776 547 1818 Siculorum
563 1790 725 1818 comes.
749 1775 1012 1816 Amicitiam
1035 1778 1245 1830 paratam
1268 1788 1370 1815 cum
1392 1774 1573 1814 honore.
1598 1773 1777 1815 Dicitur
1796 1772 1926 1814 nobis
1948 1772 1993 1814 in

298 1847 498 1902 personis
530 1847 859 1889 Generosarum
892 1845 1179 1887 dominarum
1206 1843 1486 1886 Katherinae
1518 1844 1699 1885 relictae
1726 1848 1771 1885 et
1800 1843 1994 1898 Sophiae

300 1918 518 1960 consortis
540 1917 717 1973 Egregii
739 1917 968 1958 Michaelis
989 1917 1044 1958 de
1065 1916 1174 1965 Zob,
1196 1916 1314 1957 filiae
1335 1915 1527 1957 condam
1549 1914 1776 1969 Magnifici
1797 1913 2043 1959 Ladislai2o

299 1990 377 2031 filii
398 1989 503 2031 olim
521 1988 741 2044 Stephani
763 1989 922 2029 Desew
941 1988 997 2029 de
1018 1988 1232 2035 Losoncz,
1255 1986 1483 2041 quomodo
1504 1985 1601 2040 ipsa
1621 1985 1789 2027 scilicet
1810 1985 1995 2026 domina

300 2060 568 2109 Katherina,
599 2060 753 2101 dotem
788 2063 833 2100 et
869 2072 937 2100 res
971 2072 1075 2100 suas
1102 2057 1406 2113 parafernales
1440 2056 1586 2098 eidem
1621 2056 1676 2098 de
1710 2055 1995 2111 portionibus

300 2136 345 2172 et
366 2131 536 2173 iuribus
556 2129 914 2186 possessionariis
934 2129 1128 2184 praefati
1148 2128 1340 2170 condam
1361 2127 1558 2169 Ladislai
1577 2127 1801 2182 Desewfy,
1823 2126 1994 2168 domini

301 2206 345 2243 et
374 2202 525 2243 mariti
554 2203 636 2251 sui,
667 2202 712 2242 in
741 2200 900 2243 castris
928 2199 1199 2255 Balwanyos
1226 2203 1270 2241 et
1293 2199 1476 2254 Chycho
1504 2198 1549 2239 in
1577 2198 1749 2240 Zolnok
1777 2197 1992 2246 interiori,

301 2286 354 2314 ac
380 2273 519 2314 Wech
548 2272 788 2328 appellatis
832 2271 877 2312 in
904 2271 1190 2319 Thordensis,
1223 2270 1333 2312 item
1366 2269 1721 2325 possessionibus
1749 2268 2045 2322 Nemethy,25

302 2342 481 2392 Gerlah,
509 2344 706 2399 wazes,
733 2343 820 2383 Zaz
847 2343 1007 2398 Nyres,
1030 2341 1199 2390 Chaba,
1222 2340 1369 2382 Zenth
1390 2340 1617 2389 Benedek,
1642 2338 1922 2394 Chapthelke
1949 2343 1993 2380 et

304 2414 487 2456 Bathon
523 2414 568 2455 in
596 2414 652 2456 de
686 2414 873 2462 Zolnok,
904 2427 956 2455 ac
986 2413 1376 2461 sznakamaras,
1406 2410 1616 2467 Wychec,
1656 2410 1803 2452 Zenth
1832 2409 1993 2463 Jacab,

305 2485 539 2539 Kyryeles,
563 2485 834 2534 Kenthelke‚
860 2483 984 2526 Arok
1011 2483 1158 2538 Allya,
1186 2483 1393 2532 Sofalwa,
1427 2482 1573 2524 Zenth
1601 2481 1830 2529 Marthon,
1864 2480 1993 2521 Zom-

302 2555 584 2605 baththelke‚
608 2556 800 2598 Kewthe
820 2560 865 2598 et
886 2555 1049 2597 Zereth
1070 2555 1128 2596 ad
1143 2553 1472 2610 praescriptum
1493 2557 1692 2594 castrum
1708 2552 1992 2607 Balwanyos,

302 2639 476 2668 necnon
510 2626 699 2681 Retheg,
729 2626 1033 2681 Myhalfalwa,
1064 2625 1229 2674 Koldo,
1258 2624 1558 2672 Kereszthwr,
1580 2623 1659 2664 Fel
1680 2623 1796 2672 Exvr,
1830 2623 2044 2671 Bacza‚30

303 2697 661 2752 Monosthorzeg‚
683 2698 739 2739 Al
768 2698 885 2746 Ewr,
921 2698 1150 2752 Kapplan,
1173 2697 1362 2751 Magyar
1382 2694 1576 2749 Bogath,
1606 2694 1780 2741 Kerew,
1808 2693 1992 2741 Orman,

306 2767 350 2808 in
382 2767 436 2809 de
467 2767 652 2817 Zolnok,
686 2773 730 2810 et
764 2768 942 2822 Wayda
975 2768 1202 2809 Kamaras
1245 2767 1291 2807 in
1323 2766 1378 2808 de
1411 2765 1551 2812 Colos,
1609 2777 1784 2805 necnon
1837 2764 1991 2818 ngo,

306 2838 475 2887 Kessel,
492 2838 634 2887 Baba,
655 2838 851 2893 Gywrgh
871 2843 915 2880 et
937 2838 1169 2880 Ladfalwa
1188 2838 1233 2878 in
1253 2837 1444 2878 iamfato
1462 2836 1517 2877 de
1535 2835 1721 2883 Zolnok,
1743 2834 1801 2876 ad
1821 2833 1995 2875 dictum

306 2912 503 2949 castrum
535 2908 718 2962 Chycho
736 2923 744 2959 ;
776 2909 886 2951 item
931 2910 1083 2957 Wech,
1118 2907 1448 2963 Felsewydech,
1479 2905 1748 2960 Alsoydech,
1794 2905 1993 2953 FelfalW‚

306 2978 778 3033 Alsoydechpathaka,
806 2980 1012 3028 Kewesd,
1043 2980 1216 3028 Hodaz,
1232 2976 1533 3032 Zazdyznojo,
1556 2976 1709 3024 Zakal,
1727 2975 1885 3024 Lewel,
1904 2975 1992 3015 Ke—
2008 2983 2047 3009 35

306 3048 739 3102 zepydechpathaka
754 3054 797 3091 et
814 3049 1349 3105 Felsewydechpathaka,
1367 3048 1411 3089 in
1426 3046 1703 3102 praescripto
1730 3044 1992 3094 Thordensi,

306 3131 359 3158 ac
389 3118 575 3168 Bathos,
607 3120 826 3173 Wayolla‚
865 3121 1032 3162 Felsew
1063 3121 1196 3174 Sayo,
1234 3121 1362 3174 Repa
1386 3122 1430 3160 et
1455 3117 1664 3165 Geleden‚
1682 3117 1727 3158 in
1759 3117 1815 3158 de
1851 3116 1992 3163 Colos,

307 3201 499 3229 necnon
517 3188 723 3244 Bohnya‚
770 3191 951 3240 Kawas,
994 3192 1205 3246 Danyan,
1248 3189 1484 3244 Lyppend,
1526 3188 1634 3229 War
1684 3186 1831 3241 Allya,
1872 3187 1995 3227 Ewr-
