2209 3643
273 210 347 244 300
961 197 1035 231 No.
1060 196 1263 241 257—258
1657 188 1730 242 [28.
1752 194 1841 239 Jan.
1867 202 1964 237 1540

273 327 546 383 intelligetis.
581 327 728 382 Quare
758 339 840 368 vos
869 324 1137 379 requirimus
1167 328 1212 365 et
1242 324 1492 373 hortamur,
1523 327 1575 364 ut
1606 322 1646 364 ei
1675 322 1721 363 in
1751 321 1817 371 iis,
1849 335 1968 377 quae·

275 400 338 440 sic
367 398 516 441 verbis
546 397 710 438 nostris
740 396 915 444 referet,
947 395 1127 450 plenam
1158 399 1202 436 et
1233 394 1541 436 indubitatam
1577 393 1712 435 fidem
1754 392 1966 434 adhibere

274 483 445 523 vosque
467 467 706 522 superinde
729 467 793 508 ita
814 480 963 520 gerere
978 466 1141 514 velitis,
1169 470 1221 507 ut
1248 465 1293 506 in
1307 479 1388 507 vos
1403 465 1645 506 clementer
1667 463 1933 505 confidimus
1953 476 1964 514 ;

273 539 395 594 quod
423 538 569 593 gratia
597 542 753 579 nostra
781 537 903 591 regia
930 550 1311 591 recognoscemus.

415 610 587 650 Datum
626 608 840 657 Viennae,
881 620 921 662 9.
960 607 1238 662 Septembris
1280 617 1404 661 1539.
2000 622 2017 648 5

668 700 919 745 (Conceptus,
954 699 1244 739 Staatsarchiv‚
1282 698 1408 732 VVien.
1446 697 1640 741 Turcica.)

1076 854 1175 894 257.

784 963 941 1012 Tonia,
974 962 1041 1004 28.
1073 963 1290 1016 Ianuarii
1321 974 1446 1016 1540.

404 1057 552 1094 Petrus
573 1054 703 1109 Rares
722 1054 906 1093 vaivoda
925 1053 1161 1093 Moldaviae
1180 1053 1346 1092 senatui
1366 1052 1551 1092 civitatis
1571 1053 1824 1091 Besztercze.

413 1154 664 1210 Quietantz’a
696 1154 745 1196 de
777 1168 907 1196 censu
938 1169 964 1195 a
993 1154 1162 1195 civitate
1194 1153 1246 1195 ab
1278 1167 1323 1194 eo
1355 1152 1501 1194 levato.
1979 1166 2013 1193 10

413 1251 505 1291 Nos
538 1251 698 1291 Petrus
730 1250 814 1291 Dei
845 1249 992 1304 gratia
1022 1248 1246 1304 wayvoda
1278 1247 1518 1289 Moldavus
1550 1250 1635 1288 ete.
1669 1246 1887 1287 Fatemur
1917 1249 1962 1287 et

268 1320 626 1376 recognoscimus
657 1335 736 1376 per
767 1324 1041 1376 praesentes,
1075 1320 1198 1374 quod
1229 1319 1379 1368 iudeX,
1404 1317 1541 1359 iurati
1571 1322 1616 1359 et
1649 1316 1813 1358 caeteri
1844 1316 1964 1358 cives

270 1392 578 1434 Bistricienses
607 1392 736 1433 nobis
767 1392 893 1433 illum
924 1405 1121 1440 censum,
1154 1404 1292 1445 quam
1324 1389 1466 1444 Regia
1495 1388 1722 1437 Maiestas,
1755 1387 1964 1429 dominus

268 1467 420 1504 noster
463 1463 836 1504 clementissimus
879 1463 986 1504 dare
1028 1467 1072 1504 et
1117 1461 1266 1503 exolvi
1308 1461 1497 1502 iusserat
1541 1472 1661 1501 anno
1702 1458 1962 1513 praeterito,

269 1535 580 1589 persolverunt
623 1534 924 1588 manibusque
953 1532 1120 1577 nostris
1150 1532 1599 1580 administraverunt,
1637 1543 1771 1585 super
1801 1529 1964 1584 quibus
1981 1556 2014 1582 15

269 1605 388 1660 ipsos
416 1605 535 1647 cives
563 1605 741 1659 quietos
768 1609 812 1646 et
841 1604 1091 1660 expeditos,
1114 1604 1275 1645 harum
1302 1603 1455 1657 vigore
1483 1606 1527 1643 et
1555 1600 1817 1643 testimonio
1844 1600 1965 1642 litte-

266 1690 418 1717 rarum
451 1680 710 1717 nostrarum
743 1676 973 1717 mediante
1005 1675 1219 1717 duximus
1251 1674 1438 1716 dandos.

411 1748 583 1789 Datum
624 1747 668 1788 in
709 1747 876 1802 oppido
915 1746 1097 1788 Thorda
1136 1750 1238 1801 post
1277 1746 1444 1786 festum
1485 1742 1788 1785 conversionis
1833 1741 1964 1783 Beati

267 1818 395 1859 Pauli
425 1818 619 1874 apostoli
648 1818 759 1859 feria
788 1822 966 1873 quarta.
999 1818 1132 1859 Anno
1162 1816 1345 1858 Domini
1377 1826 1501 1868 1540.

332 1911 468 1955 (Copia
498 1921 659 1948 coaeva.
693 1909 913 1944 Archivum
943 1908 1173 1947 comitatus
1204 1907 1597 1952 Beszterczenaszod‚
1631 1905 1890 1949 Besztercze.)
1979 1922 2015 1948 20

1067 2063 1166 2104 258.

777 2173 967 2222 Hcirlc‘iu,
1002 2185 1071 2215 Io.
1108 2172 1283 2228 Aprilis
1315 2182 1441 2225 1540.

263 2263 503 2314 Stephanus
541 2263 723 2302 Lacusta
759 2263 944 2302 vaivoda
981 2262 1218 2302 Moldaviae
1265 2262 1481 2314 Stephano
1520 2260 1691 2312 Maylad
1740 2259 1962 2311 capitaneo

836 2323 1018 2374 generali
1047 2321 1390 2374 Transylvaniae.

407 2421 614 2462 Precibus
649 2426 789 2463 motus
824 2422 955 2464 mittit
989 2434 1073 2463 200
1107 2421 1282 2470 milites,
1319 2420 1392 2462 sed
1426 2419 1549 2461 enixe
1584 2419 1623 2460 ei
1671 2418 1962 2470 defensionem
1976 2442 2013 2469 25

267 2491 471 2532 bonorum
502 2492 874 2534 Kukullb‘ensz'um
903 2507 1081 2534 suorum
1111 2491 1390 2534 commendat.

408 2597 666 2652 Stephanus
689 2598 773 2640 Dei
794 2599 941 2653 gratia
963 2598 1185 2647 waivoda,
1211 2597 1421 2639 dominus
1444 2600 1488 2637 et
1512 2595 1638 2637 heres
1660 2607 1794 2636 verus
1816 2598 1962 2635 terrae

268 2667 521 2709 Moldaviae
540 2673 624 2710 etc.
644 2669 913 2724 Spectabilis
932 2674 976 2711 et
997 2669 1233 2724 Magnifice
1253 2667 1435 2709 domine
1465 2666 1608 2708 amice
1639 2679 1691 2707 ac
1722 2670 1961 2719 tamquam

268 2737 406 2779 frater
440 2739 569 2780 nobis
605 2739 779 2781 dilecte.
814 2740 1017 2782 Salutem
1053 2739 1176 2781 omni
1211 2753 1315 2780 cum
1350 2739 1518 2780 favore.

412 2809 757 2864 Quamprimum
780 2811 972 2852 servitor
992 2815 1146 2852 noster
1167 2810 1348 2851 nomine
1367 2809 1567 2862 Joannes
1589 2806 1644 2847 de
1667 2805 1958 2855 Waranscha‚
1976 2831 2010 2857 30

268 2877 442 2920 litteras
504 2884 547 2921 et
591 2881 830 2922 nunctiata
870 2881 1138 2936 Spectabilis
1187 2879 1452 2934 Magnificae
1495 2875 1829 2919 Dominationis
1872 2877 1960 2917 Vrae

268 2948 397 2989 nobis
426 2950 597 2999 attulit,
627 2964 789 3006 nempe
817 2966 872 2993 ex
900 2956 1031 3006 parte
1059 2952 1359 2993 ducentorum
1386 2947 1636 2996 hominum,
1667 2959 1779 3001 quos
1808 2946 1960 2988 mitte-

268 3031 417 3059 remus
455 3020 700 3074 Spectabili
741 3022 1006 3076 Magnificae
1035 3020 1349 3063 Dominationi
1378 3020 1466 3061 Vrae
1495 3018 1619 3066 hora,
1651 3030 1743 3071 qua
1771 3017 1959 3059 advenit

268 3092 420 3129 noster
440 3090 643 3139 servitor,
666 3092 985 3134 mandavimus
1006 3092 1274 3134 officialibus
1294 3088 1474 3137 nostris,
1498 3087 1723 3142 quocitius
1743 3087 1958 3142 poterint,

270 3161 320 3198 ut
343 3158 553 3212 eligerent
576 3174 678 3201 cum
700 3162 835 3203 armis
856 3162 946 3204 suis
968 3166 1013 3204 et
1035 3162 1181 3204 loricis
1203 3165 1342 3215 atque
1363 3159 1572 3201 omnibus
1593 3158 1684 3199 suis
1706 3157 1960 3200 attinentiis
1976 3183 2010 3208 35

2203 91 2209 308 n-„„..-.2.-.=-—
2201 0 2209 81 x—:q
