2209 3643
328 223 401 266 276
1098 218 1171 252 No.
1196 228 1265 262 231
1801 214 1908 269 [Dec.
1934 230 2030 265 1537

480 351 656 392 Primus
688 350 848 390 Petrus
882 348 1068 402 Regeny
1099 360 1201 388 cum
1233 347 1527 402 complicibus
1557 348 1646 389 suis
1679 349 1921 398 nonnullis,
1954 350 2032 404 qui

332 423 487 477 elapso
528 434 647 462 anno
690 423 848 460 contra
889 417 1148 459 libertatem
1191 422 1235 460 et
1277 418 1511 474 privilegia
1553 418 1768 468 civitatis,
1811 419 2031 461 mandato

331 491 650 534 Moldaviensis
683 490 850 531 electus
883 493 979 530 erat
1012 488 1058 529 in
1089 487 1298 538 iudicem,
1332 489 1571 545 scripserat
1616 503 1814 545 namque
1858 489 2030 532 Molda-

331 563 496 604 viensis
517 562 692 603 litteras
714 559 1047 614 praeceptorias
1069 558 1128 600 ad
1149 563 1333 601 centum
1355 560 1489 609 viros,
1513 563 1563 600 ut
1586 572 1713 601 secus
1733 574 1789 601 ne
1811 560 2030 603 auderent

331 634 492 681 facere,
524 632 603 674 sed
635 632 823 672 Petrum
856 630 1043 684 Regeny
1073 630 1118 671 in
1148 630 1343 672 iudicem
1374 631 1600 685 eligerent.
1635 630 1836 673 Litterae
1864 644 1955 672 non
1985 631 2032 672 in
2068 646 2085 671 5

333 718 385 745 eo
406 704 517 751 loco,
541 702 618 744 ubi
640 701 857 756 oportuit,
880 700 960 742 sed
979 704 1113 743 nocte
1134 701 1351 755 privatim
1372 702 1515 743 lectae
1535 704 1643 742 sunt
1677 702 1839 756 illeque
1860 702 2030 744 electus

332 775 377 815 in
412 775 620 821 iudicem,
656 773 809 814 omnia
843 771 1023 826 agebat,
1059 785 1176 827 quae
1210 773 1508 815 Moldavietsssi
1542 772 1785 827 placebant
1819 777 1864 814 et
1899 773 2029 823 forte,

332 850 383 888 ut
415 860 471 887 ex
513 845 679 886 effectu
721 842 1018 897 cognoscitur,
1063 843 1202 885 etiam
1233 844 1288 885 de
1316 843 1547 886 reddenda
1577 843 1766 885 civitate
1795 843 2029 898 cogitavit.

333 917 556 959 Omnibus
588 919 829 971 propterea
861 914 1033 956 viribus
1066 919 1256 956 conatus
1288 920 1370 963 est,
1406 919 1456 956 ut
1488 915 1686 956 Thomas
1719 915 1918 964 VVerner,
1953 915 2029 970 qui

332 988 457 1030 aliud
490 987 656 1029 sentire
692 985 949 1034 videbatur,
987 1000 1010 1028 e
1045 985 1194 1027 medio
1228 986 1476 1028 tolleretur.
1516 986 1661 1040 quue
1696 986 1852 1027 multis
1887 986 2032 1028 modis
2048 998 2081 1024 10

333 1062 506 1102 tactum
537 1062 619 1100 est.
654 1057 805 1098 Primo
834 1057 1073 1099 suscitavit
1106 1061 1264 1100 contra
1293 1058 1516 1100 Thomam
1548 1058 1732 1099 VVerner
1762 1071 1817 1099 ex
1847 1057 2033 1112 obliquo

333 1132 565 1187 quandam
596 1129 737 1177 litem,
770 1142 909 1183 quam
941 1129 1080 1170 etiam
1111 1128 1513 1170 indeterminatam
1543 1128 1760 1183 relegavit
1791 1128 1850 1169 ad
1880 1129 2033 1183 appel-

333 1204 565 1251 lationem,
613 1204 752 1254 atque
798 1203 1052 1255 propterea,
1094 1204 1145 1241 ut
1179 1200 1342 1241 saltem
1377 1200 1445 1241 vir
1478 1212 1500 1240 e
1535 1200 1722 1241 civitate
1756 1204 2030 1254 proreperet.

336 1276 415 1317 Ille
441 1287 549 1315 vero
574 1272 620 1313 in
646 1270 744 1312 loco
770 1270 1034 1324 permansit,
1063 1274 1198 1325 prout
1224 1270 1309 1311 sibi
1337 1284 1362 1312 a
1388 1284 1489 1325 rege
1515 1275 1559 1312 et
1586 1269 1795 1312 waivoda
1820 1270 2033 1325 Transyl-

334 1344 522 1388 vanensi
542 1341 832 1385 commissum
851 1346 933 1391 est,
952 1354 1009 1383 ne
1026 1354 1049 1382 e
1067 1340 1255 1382 civitate
1271 1344 1418 1383 exeat.
1441 1341 1549 1382 Ideo
1567 1341 1693 1382 Velut
1711 1340 1756 1382 in
1774 1340 2034 1384 inobedien-
2049 1352 2083 1378 15

334 1421 427 1459 tem
455 1414 704 1457 fabricatae
731 1412 912 1454 fuerant
939 1412 1118 1453 litterae
1144 1425 1279 1466 super
1305 1411 1444 1467 ipsius
1471 1411 1746 1453 detentione.
1773 1411 1861 1453 Sed
1886 1425 2034 1467 neque

333 1486 525 1530 detineri
540 1487 735 1540 poterat,
753 1483 1080 1525 obsistentibus
1103 1483 1273 1531 multis,
1290 1483 1368 1538 qui
1390 1483 1426 1524 si
1450 1482 1663 1524 detentus
1686 1484 1835 1525 factus
1858 1483 2031 1532 suisset,

333 1560 476 1602 altero
507 1557 579 1598 die
608 1556 653 1597 in
684 1559 822 1610 caput
852 1555 992 1610 ipsius
1022 1554 1454 1596 animadvertissent
1496 1554 1650 1609 sicque
1678 1568 1896 1609 magnum
1926 1554 2033 1597 civi-

334 1632 422 1673 tati
447 1628 697 1686 periculum
722 1625 956 1668 imminere
982 1625 1130 1667 visum
1155 1629 1236 1668 est.
1266 1625 1375 1666 Ideo
1400 1625 1720 1667 obsistebatur.
1751 1626 1849 1667 Rex
1874 1629 2034 1680 postea

332 1703 449 1744 male
479 1698 699 1741 tractavit
731 1696 1138 1753 condempnatores
1168 1696 1265 1738 illos
1296 1696 1488 1751 iniquos,
1521 1696 1786 1751 quorumvis
1816 1710 1933 1738 unus
1964 1696 2033 1737 vir
2046 1706 2082 1733 20

331 1774 482 1815 nullus
508 1771 591 1819 vir,
619 1768 911 1811 nihilominus
938 1773 1093 1810 tamen
1120 1767 1255 1822 aliqui
1287 1781 1402 1808 unus
1430 1767 1499 1808 vir
1536 1767 1769 1822 praevalet
1808 1767 1853 1809 in
1879 1767 2032 1809 huius-

335 1844 457 1886 modi
487 1841 665 1884 casibus
695 1839 876 1881 multos.

472 1912 693 1960 Secundo,
741 1910 1062 1953 Moldaviensis
1109 1913 1288 1963 ceperat
1336 1908 1565 1963 quendam
1612 1909 1894 1958 Walachum,
1942 1922 2033 1950 non

330 1988 460 2041 longe
490 1999 517 2026 a
545 1982 824 2026 Bistriciensi
865 1981 1053 2024 civitate
1083 1980 1385 2028 habitantem,
1417 1980 1495 2034 qui
1525 1993 1628 2021 cum
1658 1980 1826 2021 crinem
1855 1979 2031 2021 nullum

328 2058 532 2104 haberet,
568 2053 818 2110 productus
853 2057 919 2094 est
956 2064 1107 2093 coram
1143 2056 1340 2106 tyranno
1375 2050 1527 2105 illique
1561 2051 1912 2105 pronuntiatum
1947 2054 2029 2099 est,
2046 2061 2082 2087 25

330 2133 382 2170 ut
423 2127 536 2169 mori
576 2124 774 2172 deberet,
815 2123 901 2165 nisi
941 2122 1077 2164 vellet
1129 2122 1318 2169 efficere,
1373 2120 1496 2175 quod
1536 2120 1630 2175 ipse
1676 2120 2025 2177 Mold[aviensis]

332 2198 622 2254 praeciperet.
671 2195 732 2236 At
778 2195 849 2236 ille
895 2193 1151 2242 WalachuS,
1198 2192 1380 2234 nomine
1424 2191 1687 2233 Theodorus
1732 2192 1936 2241 Borbois,
1982 2205 2029 2234 se

333 2270 486 2313 omnia
510 2266 787 2321 factur[um],
819 2279 936 2320 quae
960 2264 1045 2306 sibi
1082 2263 1313 2318 possibilia
1349 2262 1512 2312 forent,
1539 2263 1769 2317 pollicitus
1794 2268 1874 2305 est.
1901 2263 2029 2305 Tunc

331 2343 395 2383 ait
430 2340 492 2381 illi
525 2337 845 2380 Moldaviensis
868 2350 874 2377 :
912 2335 1141 2378 «Nosti-ne
1165 2335 1389 2376 Thomam
1413 2334 1595 2376 Szewch
1619 2334 1764 2376 civem
1784 2339 1829 2376 et
1854 2334 2028 2376 inhabi-

333 2417 530 2454 tatorem
580 2408 781 2451 civitatis
831 2406 1133 2449 Bistriciensis
1157 2406 1197 2448 ἓ»
1252 2405 1423 2460 Be[ne],
1485 2405 1718 2460 respondit
1771 2405 2025 2447 Walachus.
2044 2414 2081 2440 30

331 2483 487 2524 «Illum
508 2479 671 2535 inquit,
699 2478 732 2519 si
759 2478 912 2520 vivere
945 2478 1027 2527 vis,
1059 2476 1316 2526 interficias,
1338 2476 1554 2530 quoniam
1575 2475 1685 2517 mihi
1718 2476 1892 2517 rebellis
1925 2480 2029 2517 est.»

335 2551 587 2607 Respondit
631 2549 894 2591 Theodorus
937 2548 1208 2590 Walachus:
1255 2547 1513 2602 «Quomodo
1555 2560 1659 2601 ergo
1702 2547 1813 2589 illud
1855 2546 2029 2588 facinus

333 2627 596 2678 perpatrare
629 2633 828 2675 possum,
863 2633 918 2660 ex
940 2633 1030 2674 quo
1050 2631 1223 2674 pauper
1256 2631 1357 2659 sum
1392 2621 1436 2659 et
1472 2617 1667 2667 inermis,
1703 2617 1775 2659 ille
1809 2631 1916 2659 vero
1950 2617 2028 2658 do-

333 2694 494 2735 minus.
525 2692 585 2733 Et
613 2691 971 2745 quotiescunque
998 2695 1128 2732 extra
1154 2688 1389 2730 civitatem
1416 2688 1559 2737 vadit,
1588 2692 1796 2743 equester
1820 2692 1887 2729 est
1913 2687 2027 2729 bene

332 2768 536 2805 armatus
574 2766 618 2803 et
657 2760 837 2802 famulis
875 2761 1108 2815 stipatus.»
1146 2759 1227 2801 Cui
1263 2758 1611 2800 Moldaviensis:
1664 2758 1752 2799 «Sic
1790 2771 1910 2813 agaS,
1962 2772 2026 2800 re·
2044 2768 2078 2794 ³5

333 2834 515 2889 spondit
538 2846 546 2882 ;
586 2845 696 2886 cape
722 2831 973 2885 trut[inam]
1004 2845 1055 2872 ac
1070 2830 1206 2885 imple
1231 2833 1409 2884 sportas
1434 2828 1548 2870 duas
1572 2833 1617 2870 et
1643 2828 1814 2883 ingredi
1839 2828 2026 2870 domum

332 2904 472 2959 ipsius
500 2903 700 2944 Thomae
726 2901 921 2950 Szewch,
952 2915 1003 2943 ac
1032 2901 1140 2956 ipse,
1171 2914 1197 2941 a
1226 2904 1272 2941 te
1300 2903 1535 2954 empturus
1563 2904 1630 2940 est
1659 2899 1815 2953 pisces.
1844 2899 1890 2940 Si
1918 2913 2025 2941 vero

334 2988 448 3015 uxor
475 2973 569 3016 eius
597 2976 677 3014 aut
707 2971 864 3013 famuli
892 2985 918 3013 a
946 2976 992 3013 te
1019 2972 1106 3013 emi
1135 2970 1374 3018 voluerint,
1404 2983 1459 3011 ne
1487 2969 1672 3018 vendas
1701 2969 1787 3010 nisi
1814 2969 1898 3024 ipsi
1926 2969 2022 3011 soli.

336 3045 498 3098 Itaque
553 3044 669 3084 inter
717 3042 1063 3090 numerandum,
1107 3040 1367 3096 repientine]
1418 3039 1633 3094 gladium,
1683 3053 1818 3094 quem
1858 3040 2023 3081 acutis-

332 3114 497 3155 simum
512 3112 595 3154 tibi
610 3112 832 3166 dispones,
843 3112 1008 3153 educas
1023 3112 1261 3167 ipsumque
1275 3109 1563 3159 transfodias,
1577 3110 1704 3165 [cum]
1717 3109 1762 3151 id
1771 3110 2020 3165 perfeceris,
2038 3119 2073 3145 4⁰

339 3183 618 3225 velocissimo
656 3194 787 3223 cursu
824 3195 903 3236 per
940 3182 1091 3223 vicum
1129 3194 1322 3237 parvum
1359 3193 1415 3222 ex
1452 3180 1660 3235 opposito
1699 3180 1859 3222 domus
1900 3181 2018 3236 [eius]
