<?xml version="1.0" encoding="UTF-8"?>
<!DOCTYPE html PUBLIC "-//W3C//DTD XHTML 1.0 Transitional//EN"
    "http://www.w3.org/TR/xhtml1/DTD/xhtml1-transitional.dtd">
<html xmlns="http://www.w3.org/1999/xhtml" xml:lang="en" lang="en">
 <head>
  <title>
</title>
<meta http-equiv="Content-Type" content="text/html;charset=utf-8" />
  <meta name='ocr-system' content='tesseract 3.04.00' />
  <meta name='ocr-capabilities' content='ocr_page ocr_carea ocr_par ocr_line ocrx_word'/>
</head>
<body>
  <div class='ocr_page' id='page_1' title='image "actaetepistolaer01vereuoft_0191.png"; bbox 0 0 2209 3643; ppageno 0'>
   <div class='ocr_carea' id='block_1_1' title="bbox 227 198 1922 253">
    <p class='ocr_par' dir='ltr' id='par_1_1' title="bbox 227 198 1922 253">
     <span class='ocr_line' id='line_1_1' title="bbox 227 198 1922 253; baseline -0.003 -15"><span class='ocrx_word' id='word_1_1' title='bbox 227 214 284 240; x_wconf 86' lang='lat'><strong>12.</strong></span> <span class='ocrx_word' id='word_1_2' title='bbox 306 202 401 249; x_wconf 89' lang='lat' dir='ltr'><strong>Apr.</strong></span> <span class='ocrx_word' id='word_1_3' title='bbox 427 198 538 253; x_wconf 87' lang='lat'>1528]</span> <span class='ocrx_word' id='word_1_4' title='bbox 926 201 1000 235; x_wconf 92' lang='lat' dir='ltr'><strong>No.</strong></span> <span class='ocrx_word' id='word_1_5' title='bbox 1027 203 1226 246; x_wconf 82' lang='lat'>126—127</span> <span class='ocrx_word' id='word_1_6' title='bbox 1850 201 1922 241; x_wconf 81' lang='lat'><strong>169</strong></span> 
     </span>
    </p>
   </div>
   <div class='ocr_carea' id='block_1_2' title="bbox 227 331 1924 544">
    <p class='ocr_par' dir='ltr' id='par_1_2' title="bbox 227 331 1924 544">
     <span class='ocr_line' id='line_1_2' title="bbox 370 331 1922 387; baseline -0.002 -12"><span class='ocrx_word' id='word_1_7' title='bbox 370 333 543 375; x_wconf 85' lang='lat' dir='ltr'><strong>Datum</strong></span> <span class='ocrx_word' id='word_1_8' title='bbox 575 347 630 375; x_wconf 85' lang='lat' dir='ltr'><strong>ex</strong></span> <span class='ocrx_word' id='word_1_9' title='bbox 662 332 821 374; x_wconf 83' lang='lat' dir='ltr'><strong>castris</strong></span> <span class='ocrx_word' id='word_1_10' title='bbox 853 332 911 374; x_wconf 91' lang='lat' dir='ltr'><strong>ad</strong></span> <span class='ocrx_word' id='word_1_11' title='bbox 942 331 1234 387; x_wconf 87' lang='lat' dir='ltr'><strong>Targoviszte</strong></span> <span class='ocrx_word' id='word_1_12' title='bbox 1265 331 1439 387; x_wconf 85' lang='lat' dir='ltr'><strong>positis,</strong></span> <span class='ocrx_word' id='word_1_13' title='bbox 1475 343 1541 373; x_wconf 91' lang='lat'><strong>10.</strong></span> <span class='ocrx_word' id='word_1_14' title='bbox 1577 331 1755 386; x_wconf 83' lang='lat' dir='ltr'><strong>Aprilis.</strong></span> <span class='ocrx_word' id='word_1_15' title='bbox 1789 331 1922 373; x_wconf 89' lang='lat' dir='ltr'><strong>Anno</strong></span> 
     </span>
     <span class='ocr_line' id='line_1_3' title="bbox 227 404 566 457; baseline 0 -11"><span class='ocrx_word' id='word_1_16' title='bbox 227 404 411 447; x_wconf 85' lang='lat' dir='ltr'>Domini</span> <span class='ocrx_word' id='word_1_17' title='bbox 442 404 566 457; x_wconf 84' lang='lat'>1528.</span> 
     </span>
     <span class='ocr_line' id='line_1_4' title="bbox 359 496 1924 544; baseline -0.001 -12"><span class='ocrx_word' id='word_1_18' title='bbox 359 498 496 544; x_wconf 88' lang='lat' dir='ltr'><strong>(Copia</strong></span> <span class='ocrx_word' id='word_1_19' title='bbox 520 508 680 532; x_wconf 89' lang='lat' dir='ltr'><strong>coaeva.</strong></span> <span class='ocrx_word' id='word_1_20' title='bbox 718 497 1007 536; x_wconf 69' lang='lat' dir='ltr'><strong>Staatsarcfflv,</strong></span> <span class='ocrx_word' id='word_1_21' title='bbox 1036 497 1162 530; x_wconf 60' lang='lat' dir='ltr'><strong>XVien.</strong></span> <span class='ocrx_word' id='word_1_22' title='bbox 1206 496 1449 541; x_wconf 85' lang='lat' dir='ltr'><strong>Hungarica.</strong></span> <span class='ocrx_word' id='word_1_23' title='bbox 1490 497 1654 532; x_wconf 83' lang='lat' dir='ltr'><strong>Edidit:</strong></span> <span class='ocrx_word' id='word_1_24' title='bbox 1696 497 1924 542; x_wconf 74' lang='lat' dir='ltr'>Stephanus</span> 
     </span>
    </p>
   </div>
   <div class='ocr_carea' id='block_1_3' title="bbox 196 556 1921 663">
    <p class='ocr_par' dir='ltr' id='par_1_3' title="bbox 196 556 1921 663">
     <span class='ocr_line' id='line_1_5' title="bbox 227 556 1921 602; baseline -0.002 -9"><span class='ocrx_word' id='word_1_25' title='bbox 227 558 414 593; x_wconf 85' lang='lat' dir='ltr'><strong>Katona:</strong></span> <span class='ocrx_word' id='word_1_26' title='bbox 449 558 630 593; x_wconf 82' lang='lat' dir='ltr'><strong>Historia</strong></span> <span class='ocrx_word' id='word_1_27' title='bbox 662 557 801 592; x_wconf 89' lang='lat' dir='ltr'><strong>critica</strong></span> <span class='ocrx_word' id='word_1_28' title='bbox 834 568 972 602; x_wconf 87' lang='lat' dir='ltr'><strong>regum</strong></span> <span class='ocrx_word' id='word_1_29' title='bbox 998 557 1232 602; x_wconf 88' lang='lat' dir='ltr'><strong>Hungariae</strong></span> <span class='ocrx_word' id='word_1_30' title='bbox 1265 556 1402 602; x_wconf 83' lang='lat' dir='ltr'><strong>stirpis</strong></span> <span class='ocrx_word' id='word_1_31' title='bbox 1423 557 1660 591; x_wconf 86' lang='lat' dir='ltr'><strong>Austriacae</strong></span> <span class='ocrx_word' id='word_1_32' title='bbox 1685 556 1762 591; x_wconf 91' lang='lat' dir='ltr'><strong>vol.</strong></span> <span class='ocrx_word' id='word_1_33' title='bbox 1791 556 1921 597; x_wconf 88' lang='lat' dir='ltr'><strong>XXl1.</strong></span> 
     </span>
     <span class='ocr_line' id='line_1_6' title="bbox 196 615 1920 663; baseline -0.002 -11"><span class='ocrx_word' id='word_1_34' title='bbox 196 632 212 658; x_wconf 88' lang='lat'>5</span> <span class='ocrx_word' id='word_1_35' title='bbox 231 617 507 663; x_wconf 88' lang='lat' dir='ltr'><strong>(Claudiopoli,</strong></span> <span class='ocrx_word' id='word_1_36' title='bbox 544 617 668 662; x_wconf 86' lang='lat'>1794.)</span> <span class='ocrx_word' id='word_1_37' title='bbox 699 627 788 662; x_wconf 87' lang='lat' dir='ltr'><strong>pag.</strong></span> <span class='ocrx_word' id='word_1_38' title='bbox 824 617 1025 660; x_wconf 80' lang='lat'>336—338</span> <span class='ocrx_word' id='word_1_39' title='bbox 1054 619 1094 650; x_wconf 90' lang='lat' dir='ltr'><strong>et</strong></span> <span class='ocrx_word' id='word_1_40' title='bbox 1131 616 1236 651; x_wconf 92' lang='lat' dir='ltr'><strong>Acta</strong></span> <span class='ocrx_word' id='word_1_41' title='bbox 1261 616 1494 650; x_wconf 88' lang='lat' dir='ltr'><strong>Tomiciana</strong></span> <span class='ocrx_word' id='word_1_42' title='bbox 1517 616 1594 651; x_wconf 91' lang='lat' dir='ltr'><strong>vol.</strong></span> <span class='ocrx_word' id='word_1_43' title='bbox 1624 615 1676 650; x_wconf 89' lang='lat' dir='ltr'><strong>X.</strong></span> <span class='ocrx_word' id='word_1_44' title='bbox 1705 626 1794 661; x_wconf 85' lang='lat' dir='ltr'><strong>pag.</strong></span> <span class='ocrx_word' id='word_1_45' title='bbox 1820 615 1920 658; x_wconf 74' lang='lat'>186.)</span> 
     </span>
    </p>
   </div>
   <div class='ocr_carea' id='block_1_4' title="bbox 772 780 1383 945">
    <p class='ocr_par' dir='ltr' id='par_1_4' title="bbox 772 780 1383 945">
     <span class='ocr_line' id='line_1_7' title="bbox 1032 780 1130 822; baseline 0 -1"><span class='ocrx_word' id='word_1_46' title='bbox 1032 780 1130 822; x_wconf 87' lang='lat'>126.</span> 
     </span>
     <span class='ocr_line' id='line_1_8' title="bbox 772 889 1383 945; baseline -0.002 -13"><span class='ocrx_word' id='word_1_47' title='bbox 772 891 916 939; x_wconf 78' lang='lat' dir='ltr'><strong>Euda,</strong></span> <span class='ocrx_word' id='word_1_48' title='bbox 947 902 1015 931; x_wconf 79' lang='lat'><strong>12.</strong></span> <span class='ocrx_word' id='word_1_49' title='bbox 1050 889 1226 945; x_wconf 73' lang='lat' dir='ltr'><strong>Aprilis</strong></span> <span class='ocrx_word' id='word_1_50' title='bbox 1255 889 1383 942; x_wconf 79' lang='lat'><em>1528.</em></span> 
     </span>
    </p>
   </div>
   <div class='ocr_carea' id='block_1_5' title="bbox 330 979 1804 1033">
    <p class='ocr_par' dir='ltr' id='par_1_5' title="bbox 330 979 1804 1033">
     <span class='ocr_line' id='line_1_9' title="bbox 330 979 1804 1033; baseline -0.002 -13"><span class='ocrx_word' id='word_1_51' title='bbox 330 981 573 1033; x_wconf 72' lang='lat' dir='ltr'><strong>Stephanus</strong></span> <span class='ocrx_word' id='word_1_52' title='bbox 593 980 861 1031; x_wconf 76' lang='lat' dir='ltr'><strong>Pemfflingcr</strong></span> <span class='ocrx_word' id='word_1_53' title='bbox 880 980 1072 1032; x_wconf 85' lang='lat' dir='ltr'><strong>provisor</strong></span> <span class='ocrx_word' id='word_1_54' title='bbox 1092 980 1365 1018; x_wconf 86' lang='lat' dir='ltr'><strong>Ferdinando</strong></span> <span class='ocrx_word' id='word_1_55' title='bbox 1385 980 1417 1018; x_wconf 93' lang='lat' dir='ltr'><strong>I.</strong></span> <span class='ocrx_word' id='word_1_56' title='bbox 1440 979 1523 1030; x_wconf 88' lang='lat' dir='ltr'><strong>regi</strong></span> <span class='ocrx_word' id='word_1_57' title='bbox 1546 979 1804 1029; x_wconf 82' lang='lat' dir='ltr'><strong>Hungariae.</strong></span> 
     </span>
    </p>
   </div>
   <div class='ocr_carea' id='block_1_6' title="bbox 175 1078 1926 1206">
    <p class='ocr_par' dir='ltr' id='par_1_6' title="bbox 175 1078 1926 1206">
     <span class='ocr_line' id='line_1_10' title="bbox 371 1078 1926 1135; baseline -0.001 -14"><span class='ocrx_word' id='word_1_58' title='bbox 371 1080 437 1121; x_wconf 80' lang='lat' dir='ltr'><strong>De</strong></span> <span class='ocrx_word' id='word_1_59' title='bbox 460 1080 586 1135; x_wconf 77' lang='lat' dir='ltr'><strong>gestis</strong></span> <span class='ocrx_word' id='word_1_60' title='bbox 608 1080 778 1134; x_wconf 70' lang='lat' dir='ltr'><strong>Georgii</strong></span> <span class='ocrx_word' id='word_1_61' title='bbox 796 1079 1160 1133; x_wconf 69' lang='lat' dir='ltr'><strong>Reiclzersdorffer</strong></span> <span class='ocrx_word' id='word_1_62' title='bbox 1190 1093 1288 1120; x_wconf 73' lang='lat' dir='ltr'><strong>cum</strong></span> <span class='ocrx_word' id='word_1_63' title='bbox 1314 1079 1462 1120; x_wconf 79' lang='lat' dir='ltr'><em>Radul</em></span> <span class='ocrx_word' id='word_1_64' title='bbox 1482 1078 1665 1120; x_wconf 76' lang='lat' dir='ltr'><strong>vaivoda</strong></span> <span class='ocrx_word' id='word_1_65' title='bbox 1691 1078 1926 1120; x_wconf 69' lang='lat' dir='ltr'><strong>Valachiae</strong></span> 
     </span>
     <span class='ocr_line' id='line_1_11' title="bbox 175 1151 455 1206; baseline -0.004 -13"><span class='ocrx_word' id='word_1_66' title='bbox 175 1178 209 1204; x_wconf 75' lang='lat'><strong>10</strong></span> <span class='ocrx_word' id='word_1_67' title='bbox 227 1151 455 1206; x_wconf 78' lang='lat' dir='ltr'><strong>suspectis.</strong></span> 
     </span>
    </p>
   </div>
   <div class='ocr_carea' id='block_1_7' title="bbox 173 1255 1929 1596">
    <p class='ocr_par' dir='ltr' id='par_1_7' title="bbox 226 1255 1929 1526">
     <span class='ocr_line' id='line_1_12' title="bbox 375 1255 1929 1314; baseline -0.003 -14"><span class='ocrx_word' id='word_1_68' title='bbox 375 1259 585 1314; x_wconf 89' lang='lat' dir='ltr'><strong>Intelligo</strong></span> <span class='ocrx_word' id='word_1_69' title='bbox 623 1259 777 1308; x_wconf 88' lang='lat' dir='ltr'><strong>etiarn,</strong></span> <span class='ocrx_word' id='word_1_70' title='bbox 816 1258 941 1300; x_wconf 73' lang='lat' dir='ltr'><strong>Serme</strong></span> <span class='ocrx_word' id='word_1_71' title='bbox 983 1258 1097 1307; x_wconf 87' lang='lat' dir='ltr'><strong>Rex,</strong></span> <span class='ocrx_word' id='word_1_72' title='bbox 1151 1257 1299 1312; x_wconf 89' lang='lat' dir='ltr'><strong>ipsum</strong></span> <span class='ocrx_word' id='word_1_73' title='bbox 1350 1255 1593 1311; x_wconf 82' lang='lat' dir='ltr'><strong>Georgium</strong></span> <span class='ocrx_word' id='word_1_74' title='bbox 1638 1255 1929 1297; x_wconf 88' lang='lat' dir='ltr'><strong>secretarium</strong></span> 
     </span>
     <span class='ocr_line' id='line_1_13' title="bbox 228 1327 1929 1384; baseline -0.002 -12"><span class='ocrx_word' id='word_1_75' title='bbox 228 1330 377 1372; x_wconf 88' lang='lat' dir='ltr'><strong>multa</strong></span> <span class='ocrx_word' id='word_1_76' title='bbox 411 1329 575 1372; x_wconf 85' lang='lat' dir='ltr'><strong>nociva</strong></span> <span class='ocrx_word' id='word_1_77' title='bbox 610 1333 892 1384; x_wconf 78' lang='lat' dir='ltr'><strong>perpetrasse</strong></span> <span class='ocrx_word' id='word_1_78' title='bbox 930 1343 1033 1370; x_wconf 92' lang='lat' dir='ltr'><strong>cum</strong></span> <span class='ocrx_word' id='word_1_79' title='bbox 1070 1328 1270 1369; x_wconf 89' lang='lat' dir='ltr'><strong>vaivoda</strong></span> <span class='ocrx_word' id='word_1_80' title='bbox 1305 1327 1620 1382; x_wconf 89' lang='lat' dir='ltr'><strong>Transalpino,</strong></span> <span class='ocrx_word' id='word_1_81' title='bbox 1659 1340 1776 1381; x_wconf 89' lang='lat' dir='ltr'><strong>quae</strong></span> <span class='ocrx_word' id='word_1_82' title='bbox 1812 1327 1929 1368; x_wconf 81' lang='lat' dir='ltr'><strong>forte</strong></span> 
     </span>
     <span class='ocr_line' id='line_1_14' title="bbox 226 1391 1929 1456; baseline -0.002 -14"><span class='ocrx_word' id='word_1_83' title='bbox 226 1404 409 1456; x_wconf 89' lang='lat' dir='ltr'><strong>possent</strong></span> <span class='ocrx_word' id='word_1_84' title='bbox 447 1414 671 1455; x_wconf 82' lang='lat' dir='ltr'><strong>emergere</strong></span> <span class='ocrx_word' id='word_1_85' title='bbox 707 1400 753 1442; x_wconf 90' lang='lat' dir='ltr'><strong>in</strong></span> <span class='ocrx_word' id='word_1_86' title='bbox 791 1400 997 1442; x_wconf 80' lang='lat' dir='ltr'><strong>futurum</strong></span> <span class='ocrx_word' id='word_1_87' title='bbox 1035 1399 1361 1441; x_wconf 84' lang='lat' dir='ltr'><strong>detrimentum</strong></span> <span class='ocrx_word' id='word_1_88' title='bbox 1386 1391 1467 1440; x_wconf 64' lang='lat' dir='ltr'><strong>Mtis</strong></span> <span class='ocrx_word' id='word_1_89' title='bbox 1503 1398 1594 1439; x_wconf 62' lang='lat' dir='ltr'><strong>Vrae</strong></span> <span class='ocrx_word' id='word_1_90' title='bbox 1619 1401 1664 1439; x_wconf 93' lang='lat' dir='ltr'><strong>et</strong></span> <span class='ocrx_word' id='word_1_91' title='bbox 1690 1411 1929 1452; x_wconf 87' lang='lat' dir='ltr'><strong>regnorum</strong></span> 
     </span>
     <span class='ocr_line' id='line_1_15' title="bbox 226 1468 1928 1526; baseline -0.001 -13"><span class='ocrx_word' id='word_1_92' title='bbox 226 1485 424 1514; x_wconf 90' lang='lat' dir='ltr'><strong>suorum.</strong></span> <span class='ocrx_word' id='word_1_93' title='bbox 448 1471 574 1526; x_wconf 76' lang='lat' dir='ltr'><strong>Quae</strong></span> <span class='ocrx_word' id='word_1_94' title='bbox 594 1471 670 1512; x_wconf 91' lang='lat' dir='ltr'><strong>illa</strong></span> <span class='ocrx_word' id='word_1_95' title='bbox 689 1471 794 1520; x_wconf 91' lang='lat' dir='ltr'><strong>sint,</strong></span> <span class='ocrx_word' id='word_1_96' title='bbox 816 1471 979 1520; x_wconf 88' lang='lat' dir='ltr'><strong>nescio,</strong></span> <span class='ocrx_word' id='word_1_97' title='bbox 1002 1484 1143 1525; x_wconf 90' lang='lat' dir='ltr'><strong>quum</strong></span> <span class='ocrx_word' id='word_1_98' title='bbox 1164 1469 1431 1524; x_wconf 76' lang='lat' dir='ltr'><strong>generaliter</strong></span> <span class='ocrx_word' id='word_1_99' title='bbox 1450 1469 1561 1510; x_wconf 90' lang='lat' dir='ltr'><strong>mihi</strong></span> <span class='ocrx_word' id='word_1_100' title='bbox 1581 1468 1817 1519; x_wconf 83' lang='lat' dir='ltr'><strong>scribitur;</strong></span> <span class='ocrx_word' id='word_1_101' title='bbox 1842 1473 1928 1511; x_wconf 83' lang='lat' dir='ltr'><strong>etc.</strong></span> 
     </span>
    </p>

    <p class='ocr_par' dir='ltr' id='par_1_8' title="bbox 173 1540 1687 1596">
     <span class='ocr_line' id='line_1_16' title="bbox 173 1540 1687 1596; baseline -0.003 -11"><span class='ocrx_word' id='word_1_102' title='bbox 173 1569 209 1596; x_wconf 76' lang='lat'><strong>15</strong></span> <span class='ocrx_word' id='word_1_103' title='bbox 371 1543 545 1585; x_wconf 90' lang='lat' dir='ltr'><strong>Datum</strong></span> <span class='ocrx_word' id='word_1_104' title='bbox 573 1542 732 1584; x_wconf 86' lang='lat' dir='ltr'><strong>Eudae</strong></span> <span class='ocrx_word' id='word_1_105' title='bbox 759 1542 804 1583; x_wconf 88' lang='lat' dir='ltr'><strong>in</strong></span> <span class='ocrx_word' id='word_1_106' title='bbox 832 1542 904 1583; x_wconf 89' lang='lat' dir='ltr'><strong>die</strong></span> <span class='ocrx_word' id='word_1_107' title='bbox 924 1541 1172 1582; x_wconf 88' lang='lat' dir='ltr'><strong>Paschatis.</strong></span> <span class='ocrx_word' id='word_1_108' title='bbox 1195 1541 1329 1582; x_wconf 89' lang='lat' dir='ltr'><strong>Anno</strong></span> <span class='ocrx_word' id='word_1_109' title='bbox 1356 1540 1540 1582; x_wconf 90' lang='lat' dir='ltr'><strong>Domini</strong></span> <span class='ocrx_word' id='word_1_110' title='bbox 1562 1540 1687 1592; x_wconf 84' lang='lat'>1528.</span> 
     </span>
    </p>
   </div>
   <div class='ocr_carea' id='block_1_8' title="bbox 225 1646 1930 1753">
    <p class='ocr_par' dir='ltr' id='par_1_9' title="bbox 225 1646 1930 1753">
     <span class='ocr_line' id='line_1_17' title="bbox 366 1646 1930 1693; baseline -0.001 -10"><span class='ocrx_word' id='word_1_111' title='bbox 366 1648 591 1693; x_wconf 86' lang='lat' dir='ltr'><strong>(Originale.</strong></span> <span class='ocrx_word' id='word_1_112' title='bbox 645 1648 934 1687; x_wconf 83' lang='lat' dir='ltr'><strong>Staatsarchiv,</strong></span> <span class='ocrx_word' id='word_1_113' title='bbox 992 1647 1117 1681; x_wconf 70' lang='lat' dir='ltr'><strong>W&#39;ien.</strong></span> <span class='ocrx_word' id='word_1_114' title='bbox 1162 1646 1404 1691; x_wconf 88' lang='lat' dir='ltr'><strong>Hungarica.</strong></span> <span class='ocrx_word' id='word_1_115' title='bbox 1461 1646 1625 1681; x_wconf 90' lang='lat' dir='ltr'><strong>Edidit:</strong></span> <span class='ocrx_word' id='word_1_116' title='bbox 1671 1646 1819 1680; x_wconf 85' lang='lat' dir='ltr'><strong>Archiv</strong></span> <span class='ocrx_word' id='word_1_117' title='bbox 1861 1647 1930 1681; x_wconf 87' lang='lat' dir='ltr'><strong>des</strong></span> 
     </span>
     <span class='ocr_line' id='line_1_18' title="bbox 225 1705 1651 1753; baseline -0.004 -8"><span class='ocrx_word' id='word_1_118' title='bbox 225 1708 413 1745; x_wconf 88' lang='lat' dir='ltr'><strong>Vereines</strong></span> <span class='ocrx_word' id='word_1_119' title='bbox 437 1709 501 1743; x_wconf 79' lang='lat' dir='ltr'><strong>fiir</strong></span> <span class='ocrx_word' id='word_1_120' title='bbox 529 1708 874 1753; x_wconf 81' lang='lat' dir='ltr'><strong>siebenbiirgische</strong></span> <span class='ocrx_word' id='word_1_121' title='bbox 903 1707 1196 1742; x_wconf 86' lang='lat' dir='ltr'><strong>Landeskunde</strong></span> <span class='ocrx_word' id='word_1_122' title='bbox 1225 1706 1304 1740; x_wconf 84' lang='lat' dir='ltr'><strong>vol.</strong></span> <span class='ocrx_word' id='word_1_123' title='bbox 1337 1708 1396 1740; x_wconf 85' lang='lat'><strong>26.</strong></span> <span class='ocrx_word' id='word_1_124' title='bbox 1427 1716 1517 1751; x_wconf 86' lang='lat' dir='ltr'><strong>pag.</strong></span> <span class='ocrx_word' id='word_1_125' title='bbox 1549 1705 1651 1749; x_wconf 83' lang='lat'>269.)</span> 
     </span>
    </p>
   </div>
   <div class='ocr_carea' id='block_1_9' title="bbox 652 1870 1514 2035">
    <p class='ocr_par' dir='ltr' id='par_1_10' title="bbox 652 1870 1514 2035">
     <span class='ocr_line' id='line_1_19' title="bbox 1031 1870 1128 1911; baseline 0 -1"><span class='ocrx_word' id='word_1_126' title='bbox 1031 1870 1128 1911; x_wconf 84' lang='lat'>127.</span> 
     </span>
     <span class='ocr_line' id='line_1_20' title="bbox 652 1979 1514 2035; baseline -0.002 -13"><span class='ocrx_word' id='word_1_127' title='bbox 652 1980 974 2035; x_wconf 60' lang='lat' dir='ltr'><strong>[Bodzanczz&#39;m</strong></span> <span class='ocrx_word' id='word_1_128' title='bbox 1014 1980 1100 2031; x_wconf 72' lang='lat' dir='ltr'><strong>fine</strong></span> <span class='ocrx_word' id='word_1_129' title='bbox 1140 1979 1318 2034; x_wconf 71' lang='lat' dir='ltr'><strong>Aprilis</strong></span> <span class='ocrx_word' id='word_1_130' title='bbox 1356 1979 1514 2032; x_wconf 67' lang='lat'><em>1528]</em></span> 
     </span>
    </p>
   </div>
   <div class='ocr_carea' id='block_1_10' title="bbox 179 2069 1932 2128">
    <p class='ocr_par' dir='ltr' id='par_1_11' title="bbox 179 2069 1932 2128">
     <span class='ocr_line' id='line_1_21' title="bbox 179 2069 1932 2128; baseline -0.002 -15"><span class='ocrx_word' id='word_1_131' title='bbox 179 2101 216 2128; x_wconf 75' lang='lat'><strong>20</strong></span> <span class='ocrx_word' id='word_1_132' title='bbox 233 2074 384 2113; x_wconf 88' lang='lat' dir='ltr'><strong>Petrus</strong></span> <span class='ocrx_word' id='word_1_133' title='bbox 403 2072 593 2112; x_wconf 86' lang='lat' dir='ltr'><strong>Tomicki</strong></span> <span class='ocrx_word' id='word_1_134' title='bbox 613 2071 846 2124; x_wconf 89' lang='lat' dir='ltr'><strong>episcopus,</strong></span> <span class='ocrx_word' id='word_1_135' title='bbox 876 2070 1241 2110; x_wconf 83' lang='lat' dir='ltr'><strong>vicecancellarius</strong></span> <span class='ocrx_word' id='word_1_136' title='bbox 1267 2070 1535 2122; x_wconf 84' lang='lat' dir='ltr'><strong>Sigismundo</strong></span> <span class='ocrx_word' id='word_1_137' title='bbox 1569 2070 1601 2109; x_wconf 94' lang='lat' dir='ltr'><strong>I.</strong></span> <span class='ocrx_word' id='word_1_138' title='bbox 1621 2069 1705 2121; x_wconf 91' lang='lat' dir='ltr'><strong>regi</strong></span> <span class='ocrx_word' id='word_1_139' title='bbox 1723 2069 1932 2109; x_wconf 87' lang='lat' dir='ltr'><strong>Poloniae.</strong></span> 
     </span>
    </p>
   </div>
   <div class='ocr_carea' id='block_1_11' title="bbox 377 2168 1284 2213">
    <p class='ocr_par' dir='ltr' id='par_1_12' title="bbox 377 2168 1284 2213">
     <span class='ocr_line' id='line_1_22' title="bbox 377 2168 1284 2213; baseline -0.004 0"><span class='ocrx_word' id='word_1_140' title='bbox 377 2170 572 2213; x_wconf 73' lang='lat' dir='ltr'><strong>Notitiae</strong></span> <span class='ocrx_word' id='word_1_141' title='bbox 598 2170 744 2213; x_wconf 77' lang='lat' dir='ltr'><strong>variae</strong></span> <span class='ocrx_word' id='word_1_142' title='bbox 772 2170 822 2211; x_wconf 76' lang='lat' dir='ltr'><strong>de</strong></span> <span class='ocrx_word' id='word_1_143' title='bbox 852 2169 975 2211; x_wconf 70' lang='lat' dir='ltr'><strong>rebus</strong></span> <span class='ocrx_word' id='word_1_144' title='bbox 1004 2168 1284 2210; x_wconf 74' lang='lat' dir='ltr'><strong>Moldavtcz&#39;s.</strong></span> 
     </span>
    </p>
   </div>
   <div class='ocr_carea' id='block_1_12' title="bbox 184 2273 1936 2617">
    <p class='ocr_par' dir='ltr' id='par_1_13' title="bbox 235 2273 1934 2475">
     <span class='ocr_line' id='line_1_23' title="bbox 381 2273 1934 2329; baseline -0.003 -10"><span class='ocrx_word' id='word_1_145' title='bbox 381 2277 621 2319; x_wconf 88' lang='lat' dir='ltr'><strong>Caeterum</strong></span> <span class='ocrx_word' id='word_1_146' title='bbox 654 2290 747 2318; x_wconf 92' lang='lat' dir='ltr'><strong>non</strong></span> <span class='ocrx_word' id='word_1_147' title='bbox 781 2276 928 2317; x_wconf 87' lang='lat' dir='ltr'><strong>multo</strong></span> <span class='ocrx_word' id='word_1_148' title='bbox 962 2279 1069 2316; x_wconf 91' lang='lat' dir='ltr'><strong>ante</strong></span> <span class='ocrx_word' id='word_1_149' title='bbox 1103 2274 1191 2316; x_wconf 72' lang='lat' dir='ltr'><strong>fuit</strong></span> <span class='ocrx_word' id='word_1_150' title='bbox 1227 2273 1351 2329; x_wconf 89' lang='lat' dir='ltr'><strong>apud</strong></span> <span class='ocrx_word' id='word_1_151' title='bbox 1384 2288 1456 2316; x_wconf 88' lang='lat' dir='ltr'><strong>me</strong></span> <span class='ocrx_word' id='word_1_152' title='bbox 1490 2273 1702 2315; x_wconf 89' lang='lat' dir='ltr'><strong>dominus</strong></span> <span class='ocrx_word' id='word_1_153' title='bbox 1732 2274 1934 2328; x_wconf 88' lang='lat' dir='ltr'><strong>Joannes</strong></span> 
     </span>
     <span class='ocr_line' id='line_1_24' title="bbox 235 2344 1933 2400; baseline -0.003 -10"><span class='ocrx_word' id='word_1_154' title='bbox 235 2347 542 2397; x_wconf 86' lang='lat' dir='ltr'><strong>Tanczinski,1</strong></span> <span class='ocrx_word' id='word_1_155' title='bbox 579 2347 853 2389; x_wconf 89' lang='lat' dir='ltr'><strong>castellanus</strong></span> <span class='ocrx_word' id='word_1_156' title='bbox 888 2345 1186 2394; x_wconf 85' lang='lat' dir='ltr'><strong>Lublinensis‚</strong></span> <span class='ocrx_word' id='word_1_157' title='bbox 1224 2345 1282 2386; x_wconf 87' lang='lat' dir='ltr'><strong>ad</strong></span> <span class='ocrx_word' id='word_1_158' title='bbox 1318 2344 1637 2400; x_wconf 89' lang='lat' dir='ltr'><strong>imperatorem</strong></span> <span class='ocrx_word' id='word_1_159' title='bbox 1685 2345 1933 2386; x_wconf 90' lang='lat' dir='ltr'><strong>Turcarum</strong></span> 
     </span>
     <span class='ocr_line' id='line_1_25' title="bbox 237 2415 1934 2475; baseline -0.003 -14"><span class='ocrx_word' id='word_1_160' title='bbox 237 2424 282 2461; x_wconf 91' lang='lat' dir='ltr'><strong>et</strong></span> <span class='ocrx_word' id='word_1_161' title='bbox 311 2419 568 2475; x_wconf 90' lang='lat' dir='ltr'><strong>palatinum</strong></span> <span class='ocrx_word' id='word_1_162' title='bbox 597 2418 855 2460; x_wconf 88' lang='lat' dir='ltr'><strong>Moldaviae</strong></span> <span class='ocrx_word' id='word_1_163' title='bbox 885 2422 1038 2460; x_wconf 91' lang='lat' dir='ltr'><strong>orator</strong></span> <span class='ocrx_word' id='word_1_164' title='bbox 1067 2417 1365 2471; x_wconf 79' lang='lat' dir='ltr'><strong>profecturus,</strong></span> <span class='ocrx_word' id='word_1_165' title='bbox 1397 2415 1469 2458; x_wconf 92' lang='lat' dir='ltr'><strong>cui</strong></span> <span class='ocrx_word' id='word_1_166' title='bbox 1498 2416 1680 2471; x_wconf 90' lang='lat' dir='ltr'><strong>plenam</strong></span> <span class='ocrx_word' id='word_1_167' title='bbox 1710 2420 1755 2457; x_wconf 93' lang='lat' dir='ltr'><strong>et</strong></span> <span class='ocrx_word' id='word_1_168' title='bbox 1786 2415 1934 2470; x_wconf 91' lang='lat' dir='ltr'><strong>copio-</strong></span> 
     </span>
    </p>

    <p class='ocr_par' dir='ltr' id='par_1_14' title="bbox 184 2486 1936 2617">
     <span class='ocr_line' id='line_1_26' title="bbox 184 2486 1936 2545; baseline -0.003 -13"><span class='ocrx_word' id='word_1_169' title='bbox 184 2516 222 2543; x_wconf 78' lang='lat'><strong>25</strong></span> <span class='ocrx_word' id='word_1_170' title='bbox 236 2504 334 2532; x_wconf 89' lang='lat' dir='ltr'><strong>sam</strong></span> <span class='ocrx_word' id='word_1_171' title='bbox 363 2490 599 2544; x_wconf 92' lang='lat' dir='ltr'><strong>utriusque</strong></span> <span class='ocrx_word' id='word_1_172' title='bbox 627 2489 865 2545; x_wconf 89' lang='lat' dir='ltr'><strong>legationis</strong></span> <span class='ocrx_word' id='word_1_173' title='bbox 894 2489 998 2530; x_wconf 90' lang='lat' dir='ltr'><strong>dedi</strong></span> <span class='ocrx_word' id='word_1_174' title='bbox 1026 2488 1386 2529; x_wconf 87' lang='lat' dir='ltr'><strong>instructionem.</strong></span> <span class='ocrx_word' id='word_1_175' title='bbox 1419 2487 1535 2528; x_wconf 92' lang='lat' dir='ltr'><strong>Dedi</strong></span> <span class='ocrx_word' id='word_1_176' title='bbox 1564 2486 1703 2528; x_wconf 90' lang='lat' dir='ltr'><strong>etiam</strong></span> <span class='ocrx_word' id='word_1_177' title='bbox 1734 2486 1774 2528; x_wconf 89' lang='lat' dir='ltr'><strong>ei</strong></span> <span class='ocrx_word' id='word_1_178' title='bbox 1803 2486 1936 2528; x_wconf 89' lang='lat' dir='ltr'><strong>binas</strong></span> 
     </span>
     <span class='ocr_line' id='line_1_27' title="bbox 237 2557 1935 2617; baseline -0.003 -14"><span class='ocrx_word' id='word_1_179' title='bbox 237 2561 413 2603; x_wconf 90' lang='lat' dir='ltr'><strong>litteras</strong></span> <span class='ocrx_word' id='word_1_180' title='bbox 452 2560 659 2617; x_wconf 87' lang='lat' dir='ltr'><strong>publicae</strong></span> <span class='ocrx_word' id='word_1_181' title='bbox 699 2560 803 2602; x_wconf 87' lang='lat' dir='ltr'><strong>fidei</strong></span> <span class='ocrx_word' id='word_1_182' title='bbox 842 2574 921 2602; x_wconf 89' lang='lat' dir='ltr'><strong>seu</strong></span> <span class='ocrx_word' id='word_1_183' title='bbox 960 2559 1074 2601; x_wconf 89' lang='lat' dir='ltr'><strong>salvi</strong></span> <span class='ocrx_word' id='word_1_184' title='bbox 1114 2558 1380 2607; x_wconf 88' lang='lat' dir='ltr'><strong>conductus,</strong></span> <span class='ocrx_word' id='word_1_185' title='bbox 1421 2558 1587 2599; x_wconf 89' lang='lat' dir='ltr'><strong>alteras</strong></span> <span class='ocrx_word' id='word_1_186' title='bbox 1627 2557 1815 2599; x_wconf 89' lang='lat' dir='ltr'><strong>Turcico</strong></span> <span class='ocrx_word' id='word_1_187' title='bbox 1855 2570 1935 2599; x_wconf 92' lang='lat' dir='ltr'><strong>seu</strong></span> 
     </span>
    </p>
   </div>
   <div class='ocr_carea' id='block_1_13' title="bbox 189 2711 1938 3231">
    <p class='ocr_par' dir='ltr' id='par_1_15' title="bbox 189 2711 1938 3231">
     <span class='ocr_line' id='line_1_28' title="bbox 240 2711 1936 2760; baseline -0.003 -11"><span class='ocrx_word' id='word_1_188' title='bbox 240 2715 272 2750; x_wconf 89' lang='grc' dir='ltr'><strong>Ι.</strong></span> <span class='ocrx_word' id='word_1_189' title='bbox 295 2715 376 2760; x_wconf 89' lang='lat' dir='ltr'><strong>regi</strong></span> <span class='ocrx_word' id='word_1_190' title='bbox 397 2715 587 2749; x_wconf 88' lang='lat' dir='ltr'><strong>Poloniae</strong></span> <span class='ocrx_word' id='word_1_191' title='bbox 605 2725 612 2748; x_wconf 74' lang='grc' dir='ltr'>ε</span> <span class='ocrx_word' id='word_1_192' title='bbox 642 2716 868 2750; x_wconf 87' lang='lat' dir='ltr'><strong>Ferendum</strong></span> <span class='ocrx_word' id='word_1_193' title='bbox 890 2718 963 2755; x_wconf 90' lang='lat' dir='ltr'><strong>est,</strong></span> <span class='ocrx_word' id='word_1_194' title='bbox 990 2713 1246 2748; x_wconf 86' lang='lat' dir='ltr'><strong>Serenissime</strong></span> <span class='ocrx_word' id='word_1_195' title='bbox 1267 2712 1451 2752; x_wconf 90' lang='lat' dir='ltr'><strong>Domine,</strong></span> <span class='ocrx_word' id='word_1_196' title='bbox 1474 2712 1515 2745; x_wconf 93' lang='lat' dir='ltr'><strong>in</strong></span> <span class='ocrx_word' id='word_1_197' title='bbox 1535 2714 1694 2756; x_wconf 89' lang='lat' dir='ltr'><strong>partem</strong></span> <span class='ocrx_word' id='word_1_198' title='bbox 1727 2711 1936 2756; x_wconf 89' lang='lat' dir='ltr'><strong>singularis</strong></span> 
     </span>
     <span class='ocr_line' id='line_1_29' title="bbox 241 2768 1936 2819; baseline -0.002 -11"><span class='ocrx_word' id='word_1_199' title='bbox 241 2773 444 2809; x_wconf 79' lang='lat' dir='ltr'><strong>felicitatis</strong></span> <span class='ocrx_word' id='word_1_200' title='bbox 474 2768 551 2808; x_wconf 77' lang='lat' dir='ltr'><strong>Mtis</strong></span> <span class='ocrx_word' id='word_1_201' title='bbox 569 2775 667 2815; x_wconf 62' lang='lat' dir='ltr'>Vme,</span> <span class='ocrx_word' id='word_1_202' title='bbox 689 2775 799 2819; x_wconf 93' lang='lat' dir='ltr'><strong>quod</strong></span> <span class='ocrx_word' id='word_1_203' title='bbox 830 2784 901 2819; x_wconf 90' lang='lat' dir='ltr'><strong>per</strong></span> <span class='ocrx_word' id='word_1_204' title='bbox 932 2773 1110 2807; x_wconf 86' lang='lat' dir='ltr'><strong>eiusdem</strong></span> <span class='ocrx_word' id='word_1_205' title='bbox 1130 2771 1289 2817; x_wconf 89' lang='lat' dir='ltr'><strong>nepotis</strong></span> <span class='ocrx_word' id='word_1_206' title='bbox 1308 2771 1387 2805; x_wconf 89' lang='lat' dir='ltr'><strong>mei</strong></span> <span class='ocrx_word' id='word_1_207' title='bbox 1406 2771 1565 2816; x_wconf 90' lang='lat' dir='ltr'><strong>ingenia</strong></span> <span class='ocrx_word' id='word_1_208' title='bbox 1585 2770 1708 2805; x_wconf 77' lang='lat' dir='ltr'><strong>fuerit</strong></span> <span class='ocrx_word' id='word_1_209' title='bbox 1727 2780 1936 2804; x_wconf 87' lang='lat' dir='ltr'><strong>conserva-</strong></span> 
     </span>
     <span class='ocr_line' id='line_1_30' title="bbox 240 2827 1937 2878; baseline -0.003 -11"><span class='ocrx_word' id='word_1_210' title='bbox 240 2835 330 2867; x_wconf 91' lang='lat' dir='ltr'><strong>tum</strong></span> <span class='ocrx_word' id='word_1_211' title='bbox 354 2844 520 2878; x_wconf 89' lang='lat' dir='ltr'><strong>regnum</strong></span> <span class='ocrx_word' id='word_1_212' title='bbox 545 2827 622 2867; x_wconf 75' lang='lat' dir='ltr'><strong>Mtis</strong></span> <span class='ocrx_word' id='word_1_213' title='bbox 646 2834 731 2867; x_wconf 72' lang='lat' dir='ltr'><strong>Vme</strong></span> <span class='ocrx_word' id='word_1_214' title='bbox 761 2834 836 2867; x_wconf 92' lang='lat' dir='ltr'><strong>hac</strong></span> <span class='ocrx_word' id='word_1_215' title='bbox 869 2835 1024 2867; x_wconf 90' lang='lat' dir='ltr'><strong>aestate</strong></span> <span class='ocrx_word' id='word_1_216' title='bbox 1055 2832 1107 2866; x_wconf 89' lang='lat' dir='ltr'><strong>ab</strong></span> <span class='ocrx_word' id='word_1_217' title='bbox 1139 2830 1467 2864; x_wconf 82' lang='lat' dir='ltr'><strong>infestationibus</strong></span> <span class='ocrx_word' id='word_1_218' title='bbox 1499 2829 1687 2870; x_wconf 84' lang='lat' dir='ltr'><strong>Turcicis,</strong></span> <span class='ocrx_word' id='word_1_219' title='bbox 1721 2829 1937 2863; x_wconf 87' lang='lat' dir='ltr'><strong>Tartaricis</strong></span> 
     </span>
     <span class='ocr_line' id='line_1_31' title="bbox 189 2888 1938 2937; baseline -0.002 -12"><span class='ocrx_word' id='word_1_220' title='bbox 189 2904 225 2930; x_wconf 81' lang='lat'><strong>30</strong></span> <span class='ocrx_word' id='word_1_221' title='bbox 242 2894 282 2925; x_wconf 88' lang='lat' dir='ltr'><strong>et</strong></span> <span class='ocrx_word' id='word_1_222' title='bbox 306 2892 542 2932; x_wconf 89' lang='lat' dir='ltr'><strong>Valachicis‚</strong></span> <span class='ocrx_word' id='word_1_223' title='bbox 563 2903 668 2937; x_wconf 88' lang='lat' dir='ltr'><strong>quae</strong></span> <span class='ocrx_word' id='word_1_224' title='bbox 687 2891 825 2927; x_wconf 83' lang='lat' dir='ltr'><strong>futura</strong></span> <span class='ocrx_word' id='word_1_225' title='bbox 845 2894 972 2931; x_wconf 88' lang='lat' dir='ltr'><strong>erant,</strong></span> <span class='ocrx_word' id='word_1_226' title='bbox 995 2893 1116 2936; x_wconf 91' lang='lat' dir='ltr'><strong>prout</strong></span> <span class='ocrx_word' id='word_1_227' title='bbox 1135 2901 1224 2924; x_wconf 91' lang='lat' dir='ltr'><strong>sum</strong></span> <span class='ocrx_word' id='word_1_228' title='bbox 1255 2899 1419 2929; x_wconf 90' lang='lat' dir='ltr'><strong>memor,</strong></span> <span class='ocrx_word' id='word_1_229' title='bbox 1453 2889 1690 2922; x_wconf 90' lang='lat' dir='ltr'><strong>modernum</strong></span> <span class='ocrx_word' id='word_1_230' title='bbox 1722 2888 1938 2922; x_wconf 88' lang='lat' dir='ltr'><strong>Valachiae</strong></span> 
     </span>
     <span class='ocr_line' id='line_1_32' title="bbox 241 2940 1936 2996; baseline -0.002 -12"><span class='ocrx_word' id='word_1_231' title='bbox 241 2950 466 2995; x_wconf 89' lang='lat' dir='ltr'><strong>palatinum</strong></span> <span class='ocrx_word' id='word_1_232' title='bbox 479 2962 550 2996; x_wconf 89' lang='lat' dir='ltr'><strong>per</strong></span> <span class='ocrx_word' id='word_1_233' title='bbox 565 2951 772 2985; x_wconf 91' lang='lat' dir='ltr'><strong>dominum</strong></span> <span class='ocrx_word' id='word_1_234' title='bbox 787 2951 1043 2996; x_wconf 90' lang='lat' dir='ltr'><strong>capitaneum</strong></span> <span class='ocrx_word' id='word_1_235' title='bbox 1057 2949 1389 2983; x_wconf 88' lang='lat' dir='ltr'><strong>Camenecensem</strong></span> <span class='ocrx_word' id='word_1_236' title='bbox 1403 2940 1465 2981; x_wconf 62' lang='grc' dir='ltr'><strong>Μῒί</strong></span> <span class='ocrx_word' id='word_1_237' title='bbox 1485 2948 1570 2980; x_wconf 72' lang='lat' dir='ltr'><strong>Vrae</strong></span> <span class='ocrx_word' id='word_1_238' title='bbox 1583 2947 1624 2981; x_wconf 90' lang='lat' dir='ltr'><strong>in</strong></span> <span class='ocrx_word' id='word_1_239' title='bbox 1639 2947 1936 2981; x_wconf 86' lang='lat' dir='ltr'><strong>avisamentum</strong></span> 
     </span>
     <span class='ocr_line' id='line_1_33' title="bbox 243 3006 1938 3054; baseline -0.002 -12"><span class='ocrx_word' id='word_1_240' title='bbox 243 3008 498 3053; x_wconf 77' lang='lat' dir='ltr'><strong>significasse,</strong></span> <span class='ocrx_word' id='word_1_241' title='bbox 527 3010 623 3054; x_wconf 91' lang='lat' dir='ltr'><strong>quia</strong></span> <span class='ocrx_word' id='word_1_242' title='bbox 646 3010 799 3044; x_wconf 88' lang='lat' dir='ltr'><strong>Turcae</strong></span> <span class='ocrx_word' id='word_1_243' title='bbox 822 3009 969 3044; x_wconf 75' lang='lat' dir='ltr'><strong>facturi</strong></span> <span class='ocrx_word' id='word_1_244' title='bbox 995 3010 1110 3042; x_wconf 91' lang='lat' dir='ltr'><strong>erant</strong></span> <span class='ocrx_word' id='word_1_245' title='bbox 1134 3008 1210 3042; x_wconf 90' lang='lat' dir='ltr'><strong>hac</strong></span> <span class='ocrx_word' id='word_1_246' title='bbox 1245 3009 1400 3041; x_wconf 89' lang='lat' dir='ltr'><strong>aestate</strong></span> <span class='ocrx_word' id='word_1_247' title='bbox 1431 3006 1699 3040; x_wconf 90' lang='lat' dir='ltr'><strong>incursionem</strong></span> <span class='ocrx_word' id='word_1_248' title='bbox 1733 3006 1938 3050; x_wconf 86' lang='lat' dir='ltr'><strong>quandam</strong></span> 
     </span>
     <span class='ocr_line' id='line_1_34' title="bbox 242 3061 1937 3113; baseline -0.001 -12"><span class='ocrx_word' id='word_1_249' title='bbox 242 3068 462 3102; x_wconf 77' lang='lat' dir='ltr'><strong>maximam</strong></span> <span class='ocrx_word' id='word_1_250' title='bbox 496 3078 577 3102; x_wconf 89' lang='lat' dir='ltr'><strong>non</strong></span> <span class='ocrx_word' id='word_1_251' title='bbox 611 3069 764 3113; x_wconf 89' lang='lat' dir='ltr'><strong>absque</strong></span> <span class='ocrx_word' id='word_1_252' title='bbox 794 3068 973 3103; x_wconf 88' lang='lat' dir='ltr'><strong>Tartaris</strong></span> <span class='ocrx_word' id='word_1_253' title='bbox 1008 3070 1048 3102; x_wconf 88' lang='lat' dir='ltr'><strong>et</strong></span> <span class='ocrx_word' id='word_1_254' title='bbox 1086 3067 1181 3112; x_wconf 90' lang='lat' dir='ltr'><strong>ipsis</strong></span> <span class='ocrx_word' id='word_1_255' title='bbox 1204 3061 1404 3106; x_wconf 88' lang='lat' dir='ltr'><strong>Valachis,</strong></span> <span class='ocrx_word' id='word_1_256' title='bbox 1439 3065 1508 3110; x_wconf 92' lang='lat' dir='ltr'><strong>qui</strong></span> <span class='ocrx_word' id='word_1_257' title='bbox 1545 3065 1710 3099; x_wconf 88' lang='lat' dir='ltr'><strong>iussioni</strong></span> <span class='ocrx_word' id='word_1_258' title='bbox 1747 3064 1937 3099; x_wconf 88' lang='lat' dir='ltr'><strong>Turcicae</strong></span> 
     </span>
     <span class='ocr_line' id='line_1_35' title="bbox 244 3121 1784 3171; baseline -0.001 -11"><span class='ocrx_word' id='word_1_259' title='bbox 244 3129 398 3171; x_wconf 87' lang='lat' dir='ltr'><strong>parent,</strong></span> <span class='ocrx_word' id='word_1_260' title='bbox 424 3127 466 3160; x_wconf 88' lang='lat' dir='ltr'><strong>in</strong></span> <span class='ocrx_word' id='word_1_261' title='bbox 486 3127 663 3161; x_wconf 86' lang='lat' dir='ltr'><strong>dominia</strong></span> <span class='ocrx_word' id='word_1_262' title='bbox 682 3121 759 3160; x_wconf 80' lang='lat' dir='ltr'><strong>Mtis</strong></span> <span class='ocrx_word' id='word_1_263' title='bbox 778 3128 885 3166; x_wconf 38' lang='lat' dir='ltr'><strong>Vm&amp;</strong></span> <span class='ocrx_word' id='word_1_264' title='bbox 910 3129 983 3161; x_wconf 89' lang='lat' dir='ltr'><strong>etc.</strong></span> <span class='ocrx_word' id='word_1_265' title='bbox 1011 3126 1126 3170; x_wconf 83' lang='lat' dir='ltr'><strong>(Acta</strong></span> <span class='ocrx_word' id='word_1_266' title='bbox 1146 3124 1378 3159; x_wconf 87' lang='lat' dir='ltr'><strong>Tomiciana</strong></span> <span class='ocrx_word' id='word_1_267' title='bbox 1398 3124 1474 3159; x_wconf 91' lang='lat' dir='ltr'><strong>vol.</strong></span> <span class='ocrx_word' id='word_1_268' title='bbox 1499 3124 1548 3159; x_wconf 94' lang='lat' dir='ltr'><strong>X.</strong></span> <span class='ocrx_word' id='word_1_269' title='bbox 1571 3135 1659 3169; x_wconf 85' lang='lat' dir='ltr'><strong>pag.</strong></span> <span class='ocrx_word' id='word_1_270' title='bbox 1683 3123 1784 3168; x_wconf 86' lang='lat'>316.)</span> 
     </span>
     <span class='ocr_line' id='line_1_36' title="bbox 391 3179 835 3231; baseline 0.002 -12"><span class='ocrx_word' id='word_1_271' title='bbox 391 3185 405 3205; x_wconf 82' lang='lat'>1</span> <span class='ocrx_word' id='word_1_272' title='bbox 430 3185 578 3220; x_wconf 89' lang='lat' dir='ltr'><strong>Recte:</strong></span> <span class='ocrx_word' id='word_1_273' title='bbox 604 3179 835 3231; x_wconf 54' lang='lat' dir='ltr'><strong>TECZynski.</strong></span> 
     </span>
    </p>
   </div>
  </div>
 </body>
</html>
