2209 3643
210 177 270 210 30.
291 166 426 202 Martii
450 162 560 217 1526]
966 169 1039 203 No.
1066 177 1132 202 101
1834 176 1905 210 139

1007 368 1105 409 101.

759 477 904 526 Bada,
936 489 1005 529 3ο.
1038 478 1202 519 Martii
1232 478 1358 531 1526.

210 566 450 605 Ludovicus
478 567 533 606 II.
556 579 627 605 rex
650 567 892 617 Hungariae
920 568 1108 619 capitulo
1134 568 1330 606 ecclesiae
1352 567 1546 606 Albensis
1574 566 1903 618 Transylvanae.

356 677 625 719 Mandatum
645 678 921 720 statutorium
942 683 1020 733 pro
1049 683 1170 734 parte
1197 679 1452 720 boiaronum
1488 677 1640 719 Banul
1667 677 1833 719 Ρᾶνυῑιί
1871 681 1907 718 et

179 763 195 789 5
218 748 425 790 Vistierul
458 749 626 803 Neagoe
657 749 706 790 de
738 750 958 791 medietate
990 750 1144 805 oppidi
1179 750 1381 805 Algydgy,
1413 749 1572 791 eisdem
1612 762 1746 790 novae
1773 749 1907 790 dona—

212 819 345 861 tionis
369 819 492 861 titulo
517 820 630 862 data.

356 939 616 980 Ludovicus
638 939 723 981 Dei
745 940 892 994 gratia
914 954 991 981 rex
1016 940 1277 995 Hungariae
1300 944 1344 981 et
1368 939 1614 981 Bohemiae
1636 943 1720 981 etc.
1747 938 1908 980 Fideli-

210 1010 296 1052 bus
333 1010 500 1052 nostris
539 1010 740 1065 capitulo
791 1011 1002 1052 ecclesiae
1046 1011 1253 1052 Albensis
1305 1010 1664 1052 Transsilvanae.
1705 1010 1908 1051 Salutem

210 1086 256 1123 et
278 1081 485 1136 gratiam.
511 1081 661 1136 Quum
683 1095 765 1123 nos
787 1082 1123 1124 considerantes
1144 1082 1413 1123 fidelitatem
1435 1085 1480 1122 et
1503 1081 1688 1123 servitia
1707 1080 1907 1122 fidelium

160 1166 195 1192 10
210 1157 469 1194 nostrorum
504 1152 797 1207 Egregiorum
818 1153 1086 1195 boiaronum
1108 1153 1279 1194 Perwol
1306 1152 1413 1194 bani
1434 1156 1478 1194 et
1501 1152 1655 1206 Nagoe
1676 1152 1906 1207 Wyzther,

212 1237 329 1278 quae
358 1223 442 1278 ipsi
478 1236 631 1264 sacrae
664 1223 862 1278 primum
895 1224 1029 1265 huius
1064 1224 1187 1278 regni
1232 1223 1375 1265 nostri
1421 1223 1684 1277 Hungariae
1717 1236 1908 1265 coronae

211 1303 256 1336 et
303 1294 487 1335 demum
530 1294 761 1336 Maiestati
810 1299 992 1336 nostrae
1036 1295 1354 1343 exhibuerunt,
1408 1294 1702 1336 medietatem
1753 1293 1908 1348 oppidi

210 1365 393 1420 Aldyod
426 1379 529 1406 cum
562 1365 653 1406 suis
688 1366 973 1420 pertinentiis
1007 1365 1228 1408 universis
1270 1378 1540 1420 quocunque
1575 1364 1757 1406 nomine
1789 1364 1907 1406 voci-

212 1436 336 1485 tatis,
381 1436 439 1477 ad
483 1436 673 1477 eandem
713 1437 1007 1478 medietatem
1043 1437 1198 1492 oppidi
1244 1436 1289 1477 in
1325 1436 1548 1478 comitatu
1582 1435 1908 1491 Hwnyadiensi

161 1507 258 1549 15in
309 1507 517 1562 partibus
575 1507 906 1549 Transsilvanis
952 1508 1203 1557 existentis,
1262 1507 1316 1548 de
1367 1507 1461 1549 iure
1507 1511 1552 1548 et
1612 1507 1670 1548 ab
1718 1506 1908 1561 antiquo

212 1578 526 1633 spectantibus
562 1583 606 1620 et
641 1579 865 1633 pertinere
903 1579 1187 1628 debentibus,
1226 1578 1309 1619 sub
1345 1578 1436 1619 suis
1472 1577 1588 1619 veris
1624 1583 1668 1620 et
1705 1577 1905 1632 antiquis

212 1649 433 1691 limitibus
480 1649 794 1699 existentibus,
851 1650 896 1690 in
945 1650 1071 1691 cuius
1115 1649 1374 1691 medietatis
1431 1663 1483 1691 ac
1528 1649 1906 1703 pertinentiarum

212 1719 330 1762 illius
357 1719 557 1761 dominio
585 1720 720 1762 iidem
748 1721 986 1762 boiarones
1015 1735 1042 1762 a
1067 1721 1200 1762 certis
1226 1720 1355 1761 annis
1388 1719 1691 1775 perstitissent
1717 1724 1762 1761 et
1788 1733 1908 1761 nunc

213 1804 408 1846 quoque,
447 1796 498 1832 ut
536 1791 812 1845 perhibetur,
851 1797 1013 1841 essent,
1055 1805 1201 1833 novae
1244 1796 1426 1833 nostrae
1470 1791 1728 1832 donationis
1772 1790 1908 1832 titulo

160 1877 196 1904 20
213 1861 381 1904 eisdem
414 1862 706 1904 boiaronibus
749 1863 1039 1917 ipsorumque
1080 1862 1318 1904 heredibus
1363 1867 1407 1904 et
1446 1862 1637 1917 posteris
1674 1861 1907 1911 universis,

213 1933 365 1988 vigore
410 1933 600 1974 aliarum
644 1933 900 1975 litterarum
944 1938 1203 1975 nostrarum
1256 1933 1619 1975 donationalium
1669 1932 1909 1987 superinde

214 2004 523 2046 confectarum
595 2004 863 2053 dederimus,
920 2005 1240 2046 donaverimus
1300 2010 1345 2046 et
1405 2003 1742 2053 contulerimus,
1801 2003 1908 2045 veli-

213 2088 403 2129 musque
461 2075 642 2117 eosdem
686 2089 765 2131 per
821 2080 1027 2117 nostrum
1080 2080 1125 2117 et
1171 2079 1374 2117 vestrum
1418 2075 1623 2116 homines
1672 2075 1717 2115 in
1768 2073 1909 2116 domi-

212 2146 339 2188 nium
377 2146 527 2188 dictae
565 2146 826 2188 medietatis
853 2146 1047 2201 praefati
1079 2146 1234 2201 oppidi
1264 2146 1462 2201 legitime
1492 2146 1638 2188 facere
1669 2144 1907 2187 introduci.

159 2232 195 2258 25
211 2216 354 2272 Super
398 2230 489 2271 quo
532 2217 766 2259 Fidelitati
810 2218 998 2259 Vestrae
1046 2217 1318 2258 mandamus
1350 2217 1511 2258 harum
1551 2217 1661 2258 serie
1705 2216 1908 2266 firmiter,

214 2292 440 2342 quatenus
479 2293 682 2330 vestrum
728 2288 925 2330 mittatis
970 2288 1198 2329 hominem
1243 2301 1325 2343 pro
1369 2288 1631 2329 testimonio
1685 2287 1773 2328 fide
1816 2287 1908 2341 dig-

213 2372 337 2408 num,
355 2372 446 2413 quo
461 2364 697 2414 praesente
722 2360 936 2401 Nicolaus
960 2359 1015 2400 de
1039 2359 1259 2414 vathor
1280 2393 1288 2400 .
1313 2393 1320 2400 .
1346 2393 1353 2400 .
1382 2358 1480 2400 aliis
1496 2358 1760 2400 absentibus
1774 2358 1910 2399 homo

214 2434 367 2471 noster
420 2430 479 2471 ad
532 2430 667 2472 facies
726 2431 990 2485 praescripti
1043 2429 1198 2485 oppidi
1250 2429 1445 2484 Aldyod,
1495 2433 1910 2484 consequenterque

215 2500 364 2542 dictae
415 2501 673 2543 medietatis
726 2502 1036 2556 praefatorum
1088 2500 1355 2542 boiaronum
1408 2500 1575 2541 ibidem
1628 2500 1907 2541 habitae...

161 2585 198 2612 30
215 2571 475 2613 introducat
506 2573 737 2627 praefatos
768 2572 1003 2614 boiarones
1033 2572 1079 2612 in
1111 2571 1361 2613 dominium
1410 2571 1610 2612 eiusdem
1641 2575 1909 2625 statuatque

215 2642 406 2683 eandem
426 2643 720 2685 medietatem
742 2643 909 2684 eisdem
931 2677 938 2684 .
963 2677 970 2684 .
995 2677 1002 2684 .
1027 2642 1062 2683 si
1082 2656 1172 2683 non
1194 2642 1328 2683 fuerit
1350 2642 1697 2684 contradictum.
1722 2642 1907 2683 Contra-

216 2712 409 2754 dictores
436 2727 557 2763 vero,
591 2714 627 2755 si
660 2714 738 2768 qui
770 2714 951 2763 fuerint,
986 2718 1143 2754 evocet
1183 2712 1364 2754 eosdem
1392 2718 1550 2754 contra
1587 2713 1707 2768 ipsos
1734 2712 1909 2754 boiaro-

215 2797 294 2824 nes
327 2784 577 2839 wayvodae
622 2785 765 2827 nostri
817 2784 1123 2826 Transsilvani
1179 2783 1225 2824 in
1284 2784 1586 2838 praesentiam
1645 2783 1703 2825 ad
1758 2782 1909 2824 termi-

216 2867 326 2895 num
390 2860 707 2909 competenten
771 2856 993 2897 rationem
1058 2854 1427 2896 contradictionis
1491 2868 1645 2896 eorum
1708 2853 1909 2895 redditu-

163 2937 201 2963 35
216 2938 318 2974 ros;
355 2930 438 2967 etc.

362 2995 535 3037 Datum
577 2997 750 3046 Eudae,
794 2997 904 3038 feria
947 3000 1076 3037 sexta
1117 2995 1325 3050 proxima
1366 3000 1473 3037 ante
1515 2996 1684 3037 festum
1727 2996 1906 3036 Pascae.

217 3065 349 3107 Anno
380 3066 563 3107 Domini
593 3067 828 3108 Millesimo
859 3066 1218 3121 quingentesimo
1248 3066 1464 3121 vigesimo
1495 3071 1639 3115 sexto,
1670 3079 1908 3120 regnorum

218 3149 325 3177 vero
350 3141 608 3178 nostrorum
634 3138 887 3179 undecimo.
