2209 3643
347 219 393 254 52
1114 208 1189 242 No.
1211 220 1258 253 44
1729 205 1776 259 [3.
1811 209 1905 254 Apr.
1942 219 2038 254 1500

348 340 513 382 futuris
537 336 842 393 praesentium
866 335 1081 377 notitiam
1105 335 1341 378 habituris.
1364 337 1567 379 Salutem
1592 338 1637 380 in
1662 339 1864 381 omnium
1885 338 2040 380 Salva-

347 416 456 453 tore.
496 409 567 450 Ad
602 408 915 449 universorum
951 406 1165 448 notitiam
1201 407 1363 450 harum
1398 408 1508 450 serie
1544 410 1754 452 volumus
1789 408 2037 465 pervenire,

347 481 469 536 quod
495 478 672 533 Egregii
698 477 932 519 Ladislaus
959 477 1078 518 filius
1105 477 1210 520 olim
1238 479 1491 534 Lossonczy
1517 480 1690 537 Banffy
1716 479 1826 523 dicti
1851 481 1907 523 de
1933 480 2039 521 Los-

346 565 478 593 soncz
514 563 595 591 sua
631 562 682 589 ac
720 547 894 589 Nicolai
930 552 974 589 et
1012 548 1239 590 Francisci
1286 549 1483 592 filiorum
1518 564 1703 593 suorum
1738 551 1785 592 in
1820 550 2036 607 personis,

346 634 538 677 quorum
562 632 698 660 onera
721 623 765 660 et
790 618 1019 673 quaelibet
1042 620 1322 673 gravamina,
1338 621 1375 662 si
1389 621 1524 664 iidem
1548 622 1593 664 in
1616 622 1918 664 subnotandis
1940 634 2038 676 per-
2075 633 2092 658 5

345 693 500 734 sistere
535 690 706 731 nollent
742 703 876 744 super
911 702 957 731 se
993 691 1279 741 assumendo,
1318 692 1427 734 item
1464 693 1744 743 Franciscus,
1779 693 2038 748 Stephanus

345 767 390 805 et
423 760 737 816 Sigismundus
772 760 854 801 filii
889 760 1122 815 quondam
1159 762 1337 817 Georgii
1371 764 1576 805 similiter
1611 764 1782 819 Banffy
1803 763 1858 805 de
1879 763 2038 806 eadem

345 832 587 880 Lossonch,
613 832 732 873 idem
756 831 895 873 etiam
918 831 1183 874 Franciscus
1206 833 1415 876 oneribus
1439 839 1483 876 et
1507 834 1743 889 quibusvis
1766 832 2039 889 gravamini-

344 904 429 945 bus
458 902 766 958 Christophori
794 902 876 943 filii
903 902 986 951 sui,
1016 902 1062 943 in
1090 903 1387 960 infrascriptis
1416 905 1599 947 omnino
1627 905 1672 947 in
1700 919 1746 947 se
1775 904 2037 960 assumptis,

343 974 577 1030 praefatus
596 987 702 1015 vero
719 974 977 1028 Stephanus
996 974 1131 1016 modo
1151 975 1284 1016 simili
1303 989 1439 1017 onera
1458 981 1503 1018 et
1523 976 1752 1031 quaelibet
1772 975 2039 1031 gravamina
2055 988 2089 1015 10

345 1044 541 1087 Ladislai
562 1044 643 1085 filii
664 1044 747 1094 sui,
770 1044 806 1086 si
827 1044 873 1086 in
895 1044 1192 1100 infrascriptis
1213 1046 1449 1101 persistere
1470 1047 1609 1089 nollet
1631 1061 1710 1103 per
1732 1047 1886 1088 omnia
1906 1059 2040 1101 super

343 1130 391 1158 se
414 1115 699 1165 assumendo,
724 1115 782 1157 ab
806 1129 911 1164 una,
927 1120 1057 1170 parte
1072 1130 1179 1159 vero
1202 1131 1257 1158 ex
1281 1117 1423 1159 altera
1447 1118 1662 1173 Egregius
1687 1119 1847 1160 Petrus
1871 1118 2040 1159 Porko-

344 1188 419 1229 lab
448 1187 720 1229 castellanus
749 1187 885 1228 castri
913 1186 1110 1243 Chycho,
1126 1187 1395 1243 Spectabilis
1422 1193 1466 1230 et
1489 1189 1719 1245 Magnifici
1747 1188 1918 1231 domini
1942 1188 2039 1230 Ste-

344 1258 483 1314 phani
508 1258 731 1299 vaivodae
757 1258 1092 1309 Moldaviensis‚
1119 1259 1291 1301 domini
1315 1259 1483 1301 scilicet
1509 1261 1578 1302 sui
1602 1260 1648 1302 in
1673 1273 1864 1315 persona
1889 1273 2040 1301 coram

343 1330 473 1372 nobis
506 1329 801 1384 personaliter
824 1329 1075 1380 constituti,
1108 1344 1187 1385 per
1220 1330 1400 1372 eosdem
1436 1330 1710 1381 Ladislaum,
1732 1329 2090 1379 Franciscum,15

340 1401 623 1456 Stephanum
643 1404 687 1442 et
703 1400 1041 1455 Sigismundum
1071 1405 1232 1456 sponte
1261 1406 1305 1443 et
1335 1402 1472 1443 libere
1502 1402 1756 1444 confessum
1785 1401 1963 1444 exstitit
1993 1401 2039 1443 in

343 1473 463 1514 hunc
490 1472 691 1520 modum,
719 1471 947 1527 quomodo
973 1471 1057 1527 ipsi
1082 1477 1264 1514 matura
1289 1472 1335 1514 in
1360 1486 1406 1514 se
1431 1472 1538 1528 ipsis
1563 1472 1886 1514 deliberatione
1911 1485 2038 1527 prae-

343 1543 504 1585 habita
539 1543 758 1584 directam
781 1547 826 1584 et
850 1543 1085 1597 aequalem
1108 1543 1402 1586 medietatem
1425 1543 1716 1598 possessionis
1747 1543 2035 1599 Josyplapos,

344 1628 519 1656 necnon
586 1613 884 1669 pertinentias
950 1614 1166 1664 eiusdem,
1234 1619 1403 1669 utputa
1468 1614 1764 1664 Alsoszewch,
1833 1614 2034 1662 Borkwt,

343 1686 720 1734 Machkamezew,
774 1685 1051 1739 Danpataka
1102 1690 1146 1728 et
1202 1686 1336 1741 Rohy
1387 1686 1718 1741 possessionum
1769 1689 2036 1727 vocatarum
2053 1697 2089 1723 ‘20

344 1756 626 1806 medietateS,
658 1756 823 1798 totales
853 1756 1064 1800 videlicet
1095 1756 1326 1812 portiones
1356 1756 1556 1811 ipsorum
1587 1756 2039 1811 possessionariorum

344 1827 700 1882 possessionibus
740 1827 786 1868 in
826 1826 1009 1876 eisdem,
1051 1828 1235 1869 omnino
1277 1828 1322 1869 in
1364 1827 1586 1869 comitatu
1626 1828 1798 1869 Zolnok
1839 1825 2040 1869 interiori

344 1898 591 1940 existentes
623 1898 819 1947 habitaS,
845 1898 964 1952 ipsos
988 1898 1081 1940 iure
1114 1898 1415 1940 haereditario
1448 1903 1767 1940 concernentes
1789 1933 1797 1940 .
1823 1933 1831 1940 .
1856 1898 1889 1939 .1
1910 1910 2038 1952 prae-

345 1969 442 2010 fato
474 1969 721 2024 Spectabili
756 1974 801 2010 et
837 1969 1079 2024 Magnifico
1111 1970 1344 2024 Stephano
1378 1969 1602 2011 vaivodae
1638 1974 1682 2011 et
1719 1968 1909 2024 Bogdan
1943 1967 2040 2009 filio

345 2040 545 2082 eiusdem
564 2041 854 2095 ipsorumque
873 2040 1141 2082 haeredibus
1159 2045 1204 2082 et
1219 2040 1564 2096 posteritatibus
1582 2039 1802 2082 universis
1820 2053 1901 2094 pro
1920 2038 2040 2080 mille
2053 2052 2092 2078 25

346 2115 391 2152 et
425 2111 684 2166 quingentis
714 2111 896 2153 florenis
926 2111 1025 2153 auri
1055 2111 1170 2167 puri,
1203 2112 1262 2153 ab
1293 2111 1451 2153 eodem
1479 2111 1712 2166 Stephano
1742 2109 1954 2159 vaivoda,
1986 2112 2039 2151 ut

347 2182 574 2232 dixerunt,
590 2183 720 2238 plene
734 2182 926 2238 receptis
947 2186 992 2224 et
1014 2182 1182 2224 habitis
1198 2182 1450 2237 levatisque
1471 2181 1715 2231 dedissent,
1731 2180 2041 2223 vendidissent

347 2257 391 2294 et
449 2253 776 2308 inscripsissent
799 2288 806 2295 .
831 2288 840 2295 .
864 2288 872 2296 .
942 2253 1117 2295 nullum
1174 2253 1256 2303 ius,
1302 2253 1531 2295 nullamve
1588 2252 1695 2294 iuris
1752 2255 1797 2294 et
1854 2249 2042 2293 dominii

347 2323 685 2378 proprietatem,
712 2325 748 2367 si
763 2324 886 2379 quod
900 2328 944 2366 et
970 2338 1107 2379 quam
1132 2325 1352 2366 hactenus
1376 2323 1699 2365 medietatibus
1723 2337 1800 2364 seu
1824 2321 2042 2378 portioni-

348 2393 432 2434 bus
470 2395 828 2449 possessionariis
866 2395 1143 2451 praehabitis
1182 2395 1446 2437 habuissent
1487 2394 1559 2435 vel
1586 2394 1631 2435 in
1658 2394 1864 2436 futurum
1891 2406 1937 2435 se
1963 2392 2042 2433 ha·
2058 2405 2093 2432 30

346 2464 450 2506 bere
503 2471 773 2520 sperassent,
817 2466 995 2522 sibipsis
1036 2467 1108 2508 vel
1161 2480 1316 2508 eorum
1370 2465 1715 2521 posteritatibus
1756 2462 2041 2511 reservando,

346 2534 427 2576 sed
446 2539 597 2578 toturn
619 2537 687 2578 ius
708 2551 977 2592 omnemque
999 2537 1106 2580 iuris
1127 2541 1172 2579 et
1193 2537 1382 2578 dominii
1401 2536 1727 2592 proprietatem
1749 2534 1794 2575 in
1814 2534 2043 2590 praefatos

344 2605 628 2660 Stephanum
653 2608 900 2650 vaivodam
926 2613 970 2650 et
998 2607 1188 2663 Bogdan
1214 2608 1356 2649 filium
1381 2607 1581 2649 eiusdem
1605 2621 1658 2649 ac
1671 2605 1856 2648 heredes
1881 2609 1926 2647 et
1941 2618 2042 2660 pos-

347 2676 555 2719 teritates
582 2679 827 2721 eorundem
855 2679 1088 2720 universos
1115 2679 1438 2721 transferentes
1458 2678 1590 2733 pleno
1618 2677 1712 2719 iure
1739 2675 2010 2718 assumendo
2031 2687 2040 2724 ;

347 2746 664 2790 nichilominus
699 2749 908 2791 annotati
944 2749 1192 2798 Ladislaus,
1230 2749 1508 2797 Franciscus,
1541 2748 1800 2803 Stephanus
1834 2750 1878 2788 et
1910 2745 2042 2801 Sigis-
2056 2759 2094 2785 35

349 2818 546 2860 mundus
582 2819 750 2875 Banfly
784 2820 964 2862 eosdem
996 2821 1281 2875 Stephanum
1315 2820 1560 2861 vaivodam
1595 2823 1641 2860 et
1676 2817 1865 2872 Bogdan
1899 2816 2043 2858 filium

349 2885 564 2937 eiusdem,
594 2903 768 2931 necnon
810 2891 996 2932 heredes
1037 2895 1082 2932 et
1124 2891 1415 2945 posteritates
1456 2889 1701 2931 eorundem
1743 2886 1966 2941 quoslibet
1996 2886 2042 2927 in

351 2957 536 3009 pacifico
562 2959 761 3001 dominio
787 2961 1011 3002 dictarum
1037 2961 1336 3002 medietatum
1357 2975 1435 3002 seu
1456 2959 1716 3014 portionum
1741 2957 2043 3012 possessiona-

352 3026 522 3068 riarum
544 3034 699 3071 contra
720 3031 943 3085 quoslibet
965 3032 1189 3086 legitimos
1211 3031 1504 3086 impetitoreS,
1527 3029 1774 3070 causidicos
1795 3032 1839 3070 et
1869 3032 2043 3069 actores

474 3179 505 3207 ,1
536 3181 761 3217 Secundum
794 3185 973 3218 tenorem
1005 3183 1231 3219 litterarum
1263 3183 1598 3218 antecedentium.
2058 3192 2094 3218 40
