2209 3643
180 224 239 250 22.
261 214 395 249 Martii
421 209 531 263 1534]
940 214 1016 249 No.
1042 224 1113 260 197
1802 223 1875 258 237

975 367 1076 408 197.

698 477 905 532 Fogaras,
938 489 1005 519 22.
1038 477 1200 519 Martii
1230 489 1357 531 1534.

244 568 447 620 Stephani
482 567 651 619 Maylad
685 567 896 605 vaivodae
929 567 1259 619 Transylvaniae
1293 567 1539 606 deliberatio
1572 567 1800 607 iudiciaria.

325 668 516 710 Donatz'o
569 671 699 722 super
743 667 865 708 tertia
908 671 1028 722 parte
1064 667 1333 709 boieronatus
1377 668 1424 710 rin
1467 667 1622 709 Szkore
1664 668 1875 710 boieronis

148 760 164 786 5
181 738 382 780 Stanciul
410 739 460 780 de
486 738 631 780 Skore.

326 847 421 889 Nos
450 846 709 901 Stephanus
737 845 906 886 Mailad
939 845 1136 887 vaivoda
1166 845 1527 887 Transsilvaniae
1558 850 1603 887 et
1626 845 1876 888 Siculorum

181 931 331 960 comes
367 921 452 959 etc.
491 916 734 958 Memoriae
770 917 1142 958 commendamus
1178 921 1334 959 tenore
1370 917 1676 972 praesentium
1711 917 1877 972 signifi-

181 992 350 1038 cantes,
395 988 561 1043 quibus
602 987 787 1042 expedit
842 987 1079 1036 universis,
1124 988 1230 1042 quia
1271 988 1402 1030 nobis
1444 988 1554 1030 feria
1596 987 1732 1030 tertia
1773 991 1876 1043 post

181 1061 349 1102 festum
381 1059 514 1101 Beati
547 1058 748 1113 Gregorii
782 1072 929 1114 papae
962 1058 1165 1114 proxime
1205 1059 1516 1114 praeteritum,
1563 1058 1634 1101 die
1665 1059 1874 1101 videlicet

126 1149 161 1175 ιο
181 1130 497 1173 celebrationis
518 1130 635 1171 sedis
656 1134 837 1171 nostrae
859 1129 1131 1179 iudiciariae,
1154 1130 1225 1172 hic
1248 1131 1292 1171 in
1315 1130 1482 1185 oppido
1504 1134 1658 1172 nostro
1681 1131 1877 1185 Fogaras

182 1201 395 1244 celebrari
429 1201 602 1249 solitae,
638 1214 834 1242 unacum
870 1213 922 1242 12
956 1200 1228 1242 boeronibus
1261 1201 1420 1243 iuratis
1452 1200 1632 1250 nostris,
1667 1201 1875 1243 videlicet

181 1272 409 1315 nobilibus
438 1272 677 1313 Salomone
711 1272 766 1313 de
799 1272 1013 1321 Venecze,
1048 1271 1231 1313 Adowir
1263 1273 1317 1314 de
1351 1272 1482 1322 Wad,
1503 1272 1620 1313 Ztan
1651 1272 1878 1321 Salomon,

183 1344 303 1399 Opre
336 1343 468 1385 Peru]
500 1343 555 1384 de
589 1343 724 1392 Ielne,
757 1342 1002 1384 Ztanislaw
1033 1342 1088 1384 de
1122 1343 1278 1392 Recze,
1312 1344 1429 1385 Ztan
1460 1343 1639 1399 Mayres
1670 1343 1725 1384 de
1752 1344 1877 1397 Jaas,

180 1415 351 1457 Saczko
393 1414 447 1456 de
489 1414 761 1462 Bettlehem,
808 1413 958 1455 Radul
1000 1414 1055 1455 de
1098 1413 1217 1463 Liza,
1264 1415 1437 1457 Komsa
1478 1413 1533 1455 de
1575 1415 1876 1463 Bessenbach,

129 1486 356 1534 15Sandor
389 1485 445 1527 de
479 1484 642 1533 Wisdt,
675 1484 888 1526 Salomon
923 1484 977 1526 de
1012 1485 1137 1540 Drag
1169 1489 1213 1526 et
1248 1485 1407 1541 G-anye
1440 1484 1495 1526 de
1529 1484 1742 1526 Ludissor
1775 1499 1878 1526 con-

184 1555 359 1599 stitutis
402 1560 447 1598 et
491 1555 806 1604 existentibus,
852 1569 903 1596 ac
946 1569 1028 1610 pro
1049 1556 1255 1597 faciendo
1276 1555 1570 1598 causantibus
1594 1555 1878 1597 moderativo

184 1627 350 1670 iudicio
386 1641 468 1683 pro
504 1625 721 1668 tribunali
758 1626 1107 1669 consedentibus
1143 1626 1260 1668 inter
1296 1627 1406 1669 alios
1442 1631 1680 1669 causantes
1716 1627 1879 1669 nobilis

185 1699 305 1754 Opre
330 1698 507 1740 Kluche
530 1697 683 1739 boiero
708 1702 861 1739 noster
884 1701 1087 1740 nostram
1111 1697 1392 1740 iudiciariam
1417 1711 1659 1753 exsurgens
1683 1697 1727 1739 in
1752 1712 1878 1753 prae—

185 1770 379 1812 sentiam
408 1773 647 1824 praesente
692 1768 859 1810 ibidem
903 1773 948 1810 et
992 1769 1287 1824 personaliter
1329 1773 1510 1811 astante
1553 1767 1693 1811 nobili
1735 1769 1878 1811 Zkore

129 1861 167 1888 20
184 1840 418 1883 Ztanchwl
465 1839 756 1882 consimiliter
790 1839 1001 1881 boierone
1036 1844 1192 1881 nostro
1227 1844 1386 1881 contra
1420 1839 1613 1882 eundem
1649 1840 1879 1882 confessus

185 1916 252 1954 est
282 1911 364 1954 tali
392 1911 558 1952 modo:
590 1910 820 1965 quomodo
849 1910 1032 1952 tertiam
1061 1915 1239 1965 partem
1268 1910 1559 1952 boieronatus
1587 1910 1878 1966 possessionis

185 1987 366 2025 nostrae
393 1982 537 2024 Zkore
565 1985 757 2023 vocatae
785 1995 864 2036 per
891 1981 1115 2036 genitores
1143 1995 1247 2023 suos
1276 1981 1386 2023 alias
1414 1981 1498 2037 ipsi
1528 1982 1761 2023 Ztanchwl
1797 1995 1878 2036 pro

185 2068 262 2096 sex
298 2052 477 2095 florenis
514 2052 865 2108 impignoratam
903 2052 1213 2094 redimendam
1250 2052 1400 2101 vellet,
1439 2052 1518 2094 sed
1553 2052 1786 2094 Ztanchwl
1823 2052 1878 2094 de

185 2125 328 2167 Zkore
371 2123 584 2173 nescitur,
631 2138 724 2179 qua
767 2123 1036 2165 ratione-n
1067 2137 1113 2164 se
1158 2122 1358 2165 indebite
1416 2123 1740 2173 conservando,
1787 2136 1878 2178 quo

131 2215 167 2242 25
185 2195 343 2238 audito
375 2195 609 2250 praefatus
641 2194 875 2236 Ztanchwl
911 2193 1184 2248 [declaravit]
1207 2208 1263 2236 ex
1284 2194 1488 2243 adverso,
1524 2194 1718 2248 qualiter
1750 2207 1877 2249 prae-

185 2266 308 2308 dicta
336 2265 473 2308 tertia
502 2278 606 2320 pars
635 2265 926 2307 boieronatus
956 2279 1059 2320 erga
1089 2265 1239 2319 ipsum
1269 2277 1359 2306 non
1390 2264 1526 2306 titulo
1556 2264 1768 2320 pignoris,
1800 2265 1878 2307 sed

184 2337 279 2379 iure
315 2340 537 2392 perpetuo
575 2340 732 2392 empta
769 2336 1024 2385 haberetur,
1064 2349 1168 2390 ergo
1205 2349 1296 2377 non
1336 2335 1536 2377 indebite
1574 2340 1875 2385 conservaret,

184 2421 264 2449 nec
302 2407 532 2449 remittere
569 2411 814 2456 teneretur,
851 2406 974 2461 quod
1013 2406 1106 2461 ipse
1144 2405 1369 2447 sufficiens
1407 2406 1668 2449 testimonio
1705 2406 1876 2448 valeret

186 2478 475 2533 conprobare.
504 2478 577 2519 Ad
604 2491 742 2533 quam
770 2477 953 2532 quidem
981 2476 1383 2532 conprobationem
1411 2476 1746 2519 admittendam
1774 2491 1877 2518 cum

132 2569 167 2595 30
186 2548 425 2591 duodecim
442 2548 596 2604 probis
615 2552 660 2590 et
679 2547 881 2590 honestis
900 2548 1173 2596 hominibus,
1194 2551 1246 2589 ut
1265 2552 1393 2603 puta,
1414 2548 1576 2590 Ztroza
1609 2547 1874 2597 Kerlissora‚

186 2619 344 2662 Wazul
365 2619 421 2661 de
442 2620 602 2674 Arpas,
627 2619 801 2661 Barbat
823 2619 879 2661 de
901 2619 1092 2673 Dragus,
1117 2618 1236 2673 Opre
1258 2618 1313 2660 de
1336 2618 1511 2673 Woyla,
1535 2618 1714 2674 Ztoyka
1735 2619 1877 2661 Pacas

186 2690 241 2732 de
271 2690 443 2740 eadem,
475 2690 605 2732 Zinte
635 2690 691 2732 de
721 2690 893 2739 eadem,
926 2690 1091 2731 Balota
1121 2689 1176 2731 de
1206 2689 1349 2745 Dryd,
1384 2689 1565 2731 Koman
1595 2690 1651 2732 de
1672 2690 1875 2745 Hahayr‚

187 2761 368 2803 Koman
389 2760 468 2815 [de]
489 2760 726 2810 Zombata‚
745 2760 894 2802 Mikus
911 2760 966 2801 de
984 2760 1204 2808 Posorita,
1237 2760 1361 2801 Iwan
1392 2759 1447 2801 de
1466 2760 1658 2809 Rwrsor,
1684 2760 1877 2815 Byrchw

186 2831 241 2872 de
266 2832 502 2887 Berywoy,
529 2831 762 2873 Ztanchwl
777 2831 832 2873 de
846 2831 1003 2872 eadem
1030 2835 1075 2872 et
1102 2830 1283 2885 insuper
1308 2830 1438 2872 iuxta
1463 2834 1666 2872 nostram
1693 2830 1877 2872 iudicia-

130 2921 168 2947 35
185 2901 298 2943 riam
318 2902 688 2944 deliberationem
714 2916 816 2943 cum
842 2901 1131 2956 septimomet
1158 2914 1204 2942 se
1240 2901 1475 2950 similibus,
1513 2900 1722 2943 videlicet
1760 2901 1875 2943 Ztan

186 2972 362 3027 Mayres
388 2972 444 3014 de
466 2972 591 3026 Jaas,
615 2972 777 3027 Ganya
797 2972 852 3014 de
880 2971 1106 3021 Ludissor,
1130 2971 1280 3013 Kinde
1307 2971 1362 3013 de
1383 2972 1539 3020 Zkore,
1564 2971 1794 3013 Kereriola
1821 2972 1876 3013 de

186 3042 357 3092 eadem,
390 3043 566 3084 Thoma
598 3042 799 3084 Holubol
832 3042 887 3084 de
919 3042 1091 3091 eadem,
1125 3042 1254 3083 Berle
1285 3042 1341 3083 de
1373 3042 1531 3084 eadem
1563 3046 1608 3084 et
1640 3041 1789 3097 Gugul
1821 3042 1876 3083 de

186 3112 328 3155 Zkore
347 3126 480 3168 super
501 3113 658 3154 eadem
680 3112 865 3168 praevia
886 3112 1173 3168 responsione
1194 3125 1276 3154 sua
1297 3112 1604 3154 iuramentum
1625 3112 1875 3167 praestavit

187 3195 337 3224 coram
369 3183 512 3224 nobis.
550 3184 739 3238 Insuper
771 3183 1074 3238 significatum
1108 3187 1175 3225 est
1208 3182 1338 3224 nobis
1371 3182 1663 3238 possessionis
1695 3186 1877 3225 nostrae

1904 1088 1949 1118 ¹7·
1975 1079 2006 1108 M
2028 1086 2063 1107 rt.
