2209 3643
180 221 238 256 14.
262 210 351 246 Oct.
377 205 486 259 1538]
939 209 1014 243 No.
1037 219 1108 254 243
1800 209 1874 250 289

177 342 386 391 misisset,
420 354 511 396 quo
542 340 691 396 ipsum
724 339 893 382 faceret
925 340 1078 395 aliquo
1108 339 1246 381 modo
1276 338 1528 381 intoxicari.
1564 338 1690 380 Haec
1720 338 1875 380 omnia

177 417 418 469 propterea
444 413 567 454 facta
593 411 798 459 fuissent,
822 424 888 460 eo,
912 410 1035 466 quod
1055 411 1271 452 noluisset
1299 410 1358 452 ad
1383 424 1429 452 se
1455 410 1620 452 venire.
1647 409 1692 451 Si
1718 413 1874 451 autem

178 484 375 526 venisset
404 483 449 525 in
478 481 769 531 Moldaviam‚
800 481 930 523 iuxta
957 481 1092 523 fidem
1120 495 1265 531 suam,
1295 481 1406 522 nihil
1433 481 1494 522 illi
1522 481 1763 530 nocuisset,
1793 480 1873 521 sed

178 555 347 597 ibidem
367 553 624 596 retinuisset
645 566 696 594 ac
716 552 761 594 in
778 552 1014 594 chhavia
1033 553 1116 608 ipsi
1137 552 1321 594 domino
1341 552 1550 594 dedisset.
1575 552 1700 593 Haec
1720 565 1872 593 coram

147 630 343 668 5senatu
368 630 412 667 et
438 623 665 679 frequenti
691 623 847 665 ordine
873 628 1056 665 centum
1082 624 1282 665 virorum
1308 624 1454 664 fassus
1479 627 1584 664 est.2

291 716 516 761 (Originale.
553 714 771 749 Archivum
807 718 1025 752 comitatus
1060 716 1450 755 Beszterczenaszod,
1488 714 1744 758 Besztercze.)

980 845 1079 886 243.

726 943 851 991 Vcicz,
882 955 950 996 14.
982 943 1171 984 Octobris
1201 943 1328 996 1538.

174 1034 415 1087 Stephanus
431 1032 655 1072 Broderics
671 1032 891 1084 episcopus
908 1032 1121 1071 Vaciensis
1137 1032 1339 1070 cardinali
1369 1032 1630 1083 Hieronymo
1647 1032 1872 1071 AleandrO.

126 1160 163 1186 10
319 1134 530 1175 Rumores
551 1133 602 1174 de
626 1133 798 1182 Tumis,
821 1147 847 1174 a
869 1132 1024 1188 quibus
1046 1146 1183 1174 novus
1205 1132 1385 1174 vaivoda
1407 1133 1463 1173 M
1466 1133 1659 1174 oldaviae
1692 1137 1874 1188 praepo-

178 1206 289 1248 situs
311 1209 385 1247 est.
409 1204 610 1258 joannes
632 1218 705 1245 rex
730 1204 1100 1258 Transylvamam
1122 1218 1148 1245 a
1174 1204 1329 1244 Tums
1351 1203 1558 1245 liberavit.

325 1300 715 1342 Reverendissime
734 1299 928 1341 Domine
947 1299 1057 1340 mihi
1073 1299 1491 1340 observandissime.
1514 1299 1622 1340 Post
1641 1298 1875 1341 servitutis

179 1384 305 1413 meae
333 1371 788 1413 commendationem.

325 1442 523 1497 Cognovi
545 1456 600 1483 ex
621 1442 690 1483 his
710 1442 889 1490 litteris,
912 1455 1024 1496 quas
1045 1441 1187 1482 Linzii
1208 1453 1247 1494 3.
1271 1440 1404 1482 huius
1425 1440 1558 1482 datas
1580 1454 1607 1481 a
1627 1441 1699 1482 Vra
1719 1440 1874 1482 Domi-

126 1538 163 1564 15
178 1513 364 1555 natione
391 1513 557 1568 accepi,
586 1512 836 1554 maximam
862 1512 1197 1554 humanitatem
1224 1512 1423 1553 eiusdem
1451 1516 1495 1553 et
1523 1525 1626 1565 erga
1652 1525 1723 1553 me
1749 1511 1874 1553 beni-

179 1584 440 1626 volentiam.
467 1584 592 1638 Quae
623 1583 688 1625 ita
710 1584 921 1632 humane,
958 1583 1165 1624 benivole
1199 1587 1244 1624 et
1267 1582 1461 1637 gratiose
1484 1582 1710 1637 dignatur,
1735 1582 1874 1624 etiam

181 1655 228 1696 in
268 1656 388 1696 hunc
429 1654 758 1709 amplissimum
798 1654 963 1695 summi
1003 1653 1184 1695 honoris
1223 1653 1414 1708 gradum
1454 1657 1612 1694 evecta
1651 1653 1874 1695 recordari

179 1726 248 1767 sui
272 1726 451 1780 antiqui
474 1725 717 1767 servitoris.
756 1725 946 1767 Utinam
983 1725 1029 1766 id
1053 1724 1220 1779 possim
1245 1724 1470 1778 obsequiis
1494 1723 1604 1765 meis
1628 1724 1874 1778 aliquando

179 1796 434 1852 promereri,
466 1796 602 1851 quod,
633 1801 684 1838 ut
714 1795 927 1850 consequi
954 1796 1122 1850 possim
1150 1795 1261 1836 totis
1288 1795 1462 1836 viribus
1490 1795 1548 1836 ad
1576 1795 1660 1836 hoc
1689 1799 1874 1836 conten-

126 1892 164 1918 20
180 1867 300 1917 dam,
322 1868 407 1909 hoc
427 1868 573 1909 solum
593 1867 784 1922 supplex
805 1880 895 1916 oro,
918 1866 1028 1908 velit
1050 1880 1121 1907 me
1142 1880 1223 1907 sua
1242 1865 1388 1920 gratia
1408 1870 1452 1907 et
1474 1866 1629 1907 favore
1649 1866 1871 1920 prosequi.

326 1938 445 1979 Novi
468 1952 559 1979 non
582 1942 648 1979 est
672 1952 793 1979 nunc
816 1937 952 1986 aliud,
977 1937 1074 1985 nisi,
1093 1937 1215 1992 quod
1229 1950 1310 1992 pro
1333 1950 1379 1978 re
1402 1940 1525 1978 certa
1547 1936 1606 1978 ad
1627 1950 1699 1978 me
1721 1936 1873 1978 scribi-

179 2013 255 2051 tur
291 2023 347 2050 ex
384 2008 736 2058 Transsilvania‚
774 2008 1023 2050 Turcarum
1060 2008 1379 2062 imperatorem
1416 2021 1518 2048 cum
1555 2020 1637 2048 suo
1674 2007 1873 2049 exercitu

179 2080 497 2128 retrocessisse,
521 2079 733 2134 imposito
761 2079 806 2120 in
835 2078 1111 2120 Moldaviam
1139 2092 1259 2119 novo
1278 2078 1539 2133 wayvoda,1
1561 2092 1696 2132 quem
1724 2078 1873 2120 adhuc

181 2151 282 2205 quis
309 2151 367 2192 sit
395 2165 486 2192 non
514 2150 624 2192 satis
652 2150 866 2204 intelligo.
899 2150 981 2191 Est
1009 2154 1164 2190 tamen
1192 2149 1463 2190 christianus
1491 2153 1550 2198 et,
1580 2153 1631 2190 ut
1659 2149 1874 2203 intelligo,

128 2247 166 2273 25
179 2221 236 2263 de
260 2221 466 2276 gentium
491 2221 831 2277 wayvodarum.
860 2220 1073 2275 Agendae
1099 2224 1204 2261 sunt
1230 2220 1402 2274 gratiae
1427 2220 1538 2268 Deo,
1565 2220 1688 2274 quod
1713 2220 1875 2261 Trans-

180 2292 371 2334 silvania
422 2292 701 2334 nobilissima
754 2296 798 2333 et
852 2291 1054 2332 omnium
1111 2291 1287 2345 (ausum
1340 2295 1658 2332 asseverantur
1710 2290 1871 2345 dicere)

182 2363 391 2418 Europae
424 2363 761 2418 provinciarum
795 2362 1018 2403 ditissima
1051 2361 1109 2402 sit
1143 2361 1335 2402 liberata
1368 2366 1413 2402 et
1447 2361 1588 2410 salva,
1623 2361 1795 2402 virtute
1829 2365 1874 2403 et

182 2433 404 2475 industria
439 2427 555 2476 Sermi
593 2434 708 2488 regis
743 2433 897 2474 nostri.
929 2432 1150 2486 Dignetur
1175 2433 1286 2473 haec
1323 2445 1444 2473 nova
1482 2432 1552 2473 Vra
1592 2432 1681 2473 Rma
1720 2432 1875 2473 Domi-

182 2504 309 2546 natio
328 2505 473 2546 facere
492 2509 603 2546 nota
619 2504 911 2546 Sanctissimo
932 2503 1128 2544 Domino
1160 2503 1339 2544 Nostro.
1374 2503 1472 2543 ΨΜ
1505 2503 1875 2544 Dominationem

131 2600 166 2626 30
185 2576 299 2616 Rmam
329 2576 451 2617 Deus
479 2580 715 2617 conservet
745 2574 919 2616 felicem
948 2579 992 2615 et
1020 2587 1191 2614 sanam.

327 2647 505 2695 Vaciae,
536 2659 601 2700 14.
631 2646 840 2688 Octobris
868 2645 990 2697 1538.

330 2717 544 2758 Eiusdem
581 2718 768 2758 Vestrae
807 2715 1222 2757 Reverendissimae
1260 2714 1554 2755 Paternitatis

766 2786 966 2828 Servitor
989 2785 1293 2826 deditissimus

1439 2855 1667 2896 Vaciensis
1700 2869 1756 2897 ss.

326 2963 340 2983 2
361 2963 421 2997 De
435 2961 698 2997 relationibus
715 2962 823 2996 Petri
832 2961 1030 2995 vaivodae
1045 2971 1136 2994 cum
1151 2961 1319 2994 civitate
1329 2961 1559 2994 Eesztercze
1573 2960 1642 2994 cfr.
1655 2961 1722 2993 Dr.
1733 2960 1877 2996 Albert

186 3021 331 3066 Berger
347 3032 353 3055 :
390 3022 472 3056 Das
504 3022 756 3056 Verbaltniss
789 3028 868 3055 von
902 3020 1068 3053 Bistritz
1102 3031 1149 3053 zu
1170 3020 1261 3054 dem
1280 3019 1486 3053 Moldauer
1506 3019 1737 3053 WVoiwoden
1758 3020 1877 3054 Peter

186 3080 312 3127 Rares
337 3080 548 3126 (Festgabe
569 3091 638 3115 zur
659 3081 771 3114 Feier
791 3080 860 3113 der
881 3079 1143 3123 Einweihung
1176 3079 1244 3112 des
1276 3089 1404 3112 neuen
1436 3086 1575 3123 evang.
1610 3078 1874 3123 Gymnasial-,

187 3139 353 3183 Burger-
368 3140 451 3173 und
465 3138 1006 3183 Elimentarschulgeb‘audes
1019 3137 1064 3170 A.
1083 3137 1127 3170 B.
1144 3137 1185 3170 in
1200 3138 1430 3171 Besztercze
1443 3137 1582 3181 (1911.)
1600 3145 1689 3182 pag.
1707 3138 1874 3183 37—78.

328 3198 341 3217 1
359 3198 586 3243 Stephanus
606 3196 790 3232 Licustzi.

132 2987 168 3013 35

247 3273 351 3299 Fontes
370 3273 475 3299 Rerum
496 3274 774 3306 Transylvanicamm
796 3272 848 3297 IV.
1693 3272 1733 3307 19
