<?xml version="1.0" encoding="UTF-8"?>
<!DOCTYPE html PUBLIC "-//W3C//DTD XHTML 1.0 Transitional//EN"
    "http://www.w3.org/TR/xhtml1/DTD/xhtml1-transitional.dtd">
<html xmlns="http://www.w3.org/1999/xhtml" xml:lang="en" lang="en">
 <head>
  <title>
</title>
<meta http-equiv="Content-Type" content="text/html;charset=utf-8" />
  <meta name='ocr-system' content='tesseract 3.04.00' />
  <meta name='ocr-capabilities' content='ocr_page ocr_carea ocr_par ocr_line ocrx_word'/>
</head>
<body>
  <div class='ocr_page' id='page_1' title='image "actaetepistolaer01vereuoft_0022.png"; bbox 0 0 2209 3643; ppageno 0'>
   <div class='ocr_carea' id='block_1_1' title="bbox 180 2237 228 2267">
    <p class='ocr_par' dir='ltr' id='par_1_1' title="bbox 180 2237 228 2267">
     <span class='ocr_line' id='line_1_1' title="bbox 180 2237 228 2267; baseline 0.021 -11"><span class='ocrx_word' id='word_1_1' title='bbox 180 2237 228 2267; x_wconf 86' lang='lat'>29.</span> 
     </span>
    </p>
   </div>
   <div class='ocr_carea' id='block_1_2' title="bbox 353 205 2036 260">
    <p class='ocr_par' dir='ltr' id='par_1_2' title="bbox 353 205 2036 260">
     <span class='ocr_line' id='line_1_2' title="bbox 353 205 2036 260; baseline -0.001 -16"><span class='ocrx_word' id='word_1_2' title='bbox 353 216 376 248; x_wconf 81' lang='lat'><strong>6</strong></span> <span class='ocrx_word' id='word_1_3' title='bbox 1133 211 1208 243; x_wconf 84' lang='lat' dir='ltr'>No.</span> <span class='ocrx_word' id='word_1_4' title='bbox 1237 212 1259 243; x_wconf 85' lang='lat'>6</span> <span class='ocrx_word' id='word_1_5' title='bbox 1743 205 1789 260; x_wconf 88' lang='lat'>[5.</span> <span class='ocrx_word' id='word_1_6' title='bbox 1818 210 1910 243; x_wconf 81' lang='lat' dir='ltr'>Dee.</span> <span class='ocrx_word' id='word_1_7' title='bbox 1943 218 2036 254; x_wconf 76' lang='lat'>1471</span> 
     </span>
    </p>
   </div>
   <div class='ocr_carea' id='block_1_3' title="bbox 355 338 2101 1308">
    <p class='ocr_par' dir='ltr' id='par_1_3' title="bbox 355 338 2101 1308">
     <span class='ocr_line' id='line_1_3' title="bbox 356 338 2045 387; baseline -0.002 -3"><span class='ocrx_word' id='word_1_8' title='bbox 356 347 401 384; x_wconf 87' lang='lat' dir='ltr'>et</span> <span class='ocrx_word' id='word_1_9' title='bbox 436 342 590 383; x_wconf 91' lang='lat' dir='ltr'>Turcis</span> <span class='ocrx_word' id='word_1_10' title='bbox 626 340 782 382; x_wconf 88' lang='lat' dir='ltr'>itidem</span> <span class='ocrx_word' id='word_1_11' title='bbox 803 353 849 380; x_wconf 93' lang='lat' dir='ltr'>se</span> <span class='ocrx_word' id='word_1_12' title='bbox 868 338 1049 380; x_wconf 77' lang='lat' dir='ltr'>exhibet</span> <span class='ocrx_word' id='word_1_13' title='bbox 1072 352 1081 387; x_wconf 85' lang='lat'>;</span> <span class='ocrx_word' id='word_1_14' title='bbox 1115 338 1173 379; x_wconf 90' lang='lat' dir='ltr'>ad</span> <span class='ocrx_word' id='word_1_15' title='bbox 1190 338 1275 379; x_wconf 94' lang='lat' dir='ltr'>hoc</span> <span class='ocrx_word' id='word_1_16' title='bbox 1294 338 1518 387; x_wconf 87' lang='lat' dir='ltr'>videlicet,</span> <span class='ocrx_word' id='word_1_17' title='bbox 1539 342 1590 380; x_wconf 90' lang='lat' dir='ltr'>ut</span> <span class='ocrx_word' id='word_1_18' title='bbox 1610 338 1728 380; x_wconf 88' lang='lat' dir='ltr'>inter</span> <span class='ocrx_word' id='word_1_19' title='bbox 1745 343 1816 380; x_wconf 94' lang='lat' dir='ltr'>tot</span> <span class='ocrx_word' id='word_1_20' title='bbox 1836 339 2045 381; x_wconf 88' lang='lat' dir='ltr'>dominos</span> 
     </span>
     <span class='ocr_line' id='line_1_4' title="bbox 355 408 2042 467; baseline -0.001 -14"><span class='ocrx_word' id='word_1_21' title='bbox 355 412 542 467; x_wconf 88' lang='lat' dir='ltr'>perfidia</span> <span class='ocrx_word' id='word_1_22' title='bbox 573 411 666 452; x_wconf 87' lang='lat' dir='ltr'>eius</span> <span class='ocrx_word' id='word_1_23' title='bbox 699 410 869 451; x_wconf 89' lang='lat' dir='ltr'>diutius</span> <span class='ocrx_word' id='word_1_24' title='bbox 900 413 1083 450; x_wconf 85' lang='lat' dir='ltr'>maneat</span> <span class='ocrx_word' id='word_1_25' title='bbox 1117 408 1355 463; x_wconf 86' lang='lat' dir='ltr'>impunita.</span> <span class='ocrx_word' id='word_1_26' title='bbox 1390 409 1574 450; x_wconf 78' lang='lat' dir='ltr'>Terram</span> <span class='ocrx_word' id='word_1_27' title='bbox 1606 423 1713 451; x_wconf 86' lang='lat' dir='ltr'>vero</span> <span class='ocrx_word' id='word_1_28' title='bbox 1744 409 1868 451; x_wconf 87' lang='lat' dir='ltr'>illam</span> <span class='ocrx_word' id='word_1_29' title='bbox 1898 410 2042 452; x_wconf 79' lang='lat' dir='ltr'>nostri</span> 
     </span>
     <span class='ocr_line' id='line_1_5' title="bbox 355 479 2042 535; baseline 0 -12"><span class='ocrx_word' id='word_1_30' title='bbox 355 482 461 523; x_wconf 91' lang='lat' dir='ltr'>iuris</span> <span class='ocrx_word' id='word_1_31' title='bbox 516 495 622 530; x_wconf 90' lang='lat' dir='ltr'>esse,</span> <span class='ocrx_word' id='word_1_32' title='bbox 681 479 1021 534; x_wconf 88' lang='lat' dir='ltr'>antiquissimus</span> <span class='ocrx_word' id='word_1_33' title='bbox 1077 483 1121 520; x_wconf 87' lang='lat' dir='ltr'>et</span> <span class='ocrx_word' id='word_1_34' title='bbox 1177 479 1595 521; x_wconf 86' lang='lat' dir='ltr'>continuatissimus</span> <span class='ocrx_word' id='word_1_35' title='bbox 1649 480 2042 535; x_wconf 89' lang='lat' dir='ltr'>praedecessorum</span> 
     </span>
     <span class='ocr_line' id='line_1_6' title="bbox 355 549 2039 605; baseline 0 -12"><span class='ocrx_word' id='word_1_36' title='bbox 355 557 610 593; x_wconf 89' lang='lat' dir='ltr'>nostrorum</span> <span class='ocrx_word' id='word_1_37' title='bbox 647 564 800 605; x_wconf 86' lang='lat' dir='ltr'>regum</span> <span class='ocrx_word' id='word_1_38' title='bbox 838 549 1099 605; x_wconf 84' lang='lat' dir='ltr'>Hungariae</span> <span class='ocrx_word' id='word_1_39' title='bbox 1129 549 1291 591; x_wconf 85' lang='lat' dir='ltr'>titulus</span> <span class='ocrx_word' id='word_1_40' title='bbox 1316 550 1530 600; x_wconf 91' lang='lat' dir='ltr'>declarat,</span> <span class='ocrx_word' id='word_1_41' title='bbox 1557 564 1647 592; x_wconf 94' lang='lat' dir='ltr'>non</span> <span class='ocrx_word' id='word_1_42' title='bbox 1672 550 1855 605; x_wconf 87' lang='lat' dir='ltr'>quidem</span> <span class='ocrx_word' id='word_1_43' title='bbox 1880 551 2039 601; x_wconf 85' lang='lat' dir='ltr'>inanis,</span> 
     </span>
     <span class='ocr_line' id='line_1_7' title="bbox 356 620 2097 677; baseline 0.001 -14"><span class='ocrx_word' id='word_1_44' title='bbox 356 622 433 663; x_wconf 90' lang='lat' dir='ltr'>sed</span> <span class='ocrx_word' id='word_1_45' title='bbox 458 621 734 677; x_wconf 75' lang='lat' dir='ltr'>possessione</span> <span class='ocrx_word' id='word_1_46' title='bbox 761 634 995 675; x_wconf 89' lang='lat' dir='ltr'>nunquam</span> <span class='ocrx_word' id='word_1_47' title='bbox 1023 620 1278 676; x_wconf 86' lang='lat' dir='ltr'>interrupta</span> <span class='ocrx_word' id='word_1_48' title='bbox 1303 621 1519 663; x_wconf 91' lang='lat' dir='ltr'>munitus.</span> <span class='ocrx_word' id='word_1_49' title='bbox 1550 622 1683 671; x_wconf 88' lang='lat' dir='ltr'>Nam,</span> <span class='ocrx_word' id='word_1_50' title='bbox 1711 626 1763 663; x_wconf 90' lang='lat' dir='ltr'>ut</span> <span class='ocrx_word' id='word_1_51' title='bbox 1790 622 2043 664; x_wconf 88' lang='lat' dir='ltr'>vetustiora</span> <span class='ocrx_word' id='word_1_52' title='bbox 2074 639 2097 664; x_wconf 64' lang='lat' dir='ltr'>s</span> 
     </span>
     <span class='ocr_line' id='line_1_8' title="bbox 355 691 2042 746; baseline 0.001 -13"><span class='ocrx_word' id='word_1_53' title='bbox 355 706 474 733; x_wconf 90' lang='lat' dir='ltr'>nunc</span> <span class='ocrx_word' id='word_1_54' title='bbox 505 692 785 741; x_wconf 69' lang='lat' dir='ltr'>omittamus,</span> <span class='ocrx_word' id='word_1_55' title='bbox 817 696 920 746; x_wconf 92' lang='lat' dir='ltr'>post</span> <span class='ocrx_word' id='word_1_56' title='bbox 951 691 1216 732; x_wconf 73' lang='lat' dir='ltr'>memoriam</span> <span class='ocrx_word' id='word_1_57' title='bbox 1246 692 1481 734; x_wconf 88' lang='lat' dir='ltr'>hominum</span> <span class='ocrx_word' id='word_1_58' title='bbox 1512 692 1735 734; x_wconf 83' lang='lat' dir='ltr'>vaivodae</span> <span class='ocrx_word' id='word_1_59' title='bbox 1765 693 2042 734; x_wconf 86' lang='lat' dir='ltr'>Moldavien-</span> 
     </span>
     <span class='ocr_line' id='line_1_9' title="bbox 355 762 2044 818; baseline 0.001 -14"><span class='ocrx_word' id='word_1_60' title='bbox 355 776 423 804; x_wconf 88' lang='lat' dir='ltr'>ses</span> <span class='ocrx_word' id='word_1_61' title='bbox 448 776 623 818; x_wconf 87' lang='lat' dir='ltr'>semper</span> <span class='ocrx_word' id='word_1_62' title='bbox 647 762 825 817; x_wconf 86' lang='lat' dir='ltr'>regibus</span> <span class='ocrx_word' id='word_1_63' title='bbox 851 762 1122 804; x_wconf 89' lang='lat' dir='ltr'>Pannonicis</span> <span class='ocrx_word' id='word_1_64' title='bbox 1147 762 1412 812; x_wconf 82' lang='lat' dir='ltr'>servierunt,</span> <span class='ocrx_word' id='word_1_65' title='bbox 1440 768 1484 804; x_wconf 92' lang='lat' dir='ltr'>et</span> <span class='ocrx_word' id='word_1_66' title='bbox 1510 763 1744 818; x_wconf 79' lang='lat' dir='ltr'>provincia</span> <span class='ocrx_word' id='word_1_67' title='bbox 1768 763 1844 804; x_wconf 83' lang='lat' dir='ltr'>illa</span> <span class='ocrx_word' id='word_1_68' title='bbox 1868 764 2044 806; x_wconf 86' lang='lat' dir='ltr'>nullum</span> 
     </span>
     <span class='ocr_line' id='line_1_10' title="bbox 355 833 2041 889; baseline 0.001 -14"><span class='ocrx_word' id='word_1_69' title='bbox 355 834 516 875; x_wconf 80' lang='lat' dir='ltr'>habuit</span> <span class='ocrx_word' id='word_1_70' title='bbox 548 833 812 888; x_wconf 80' lang='lat' dir='ltr'>praesidem,</span> <span class='ocrx_word' id='word_1_71' title='bbox 840 833 925 874; x_wconf 91' lang='lat' dir='ltr'>nisi</span> <span class='ocrx_word' id='word_1_72' title='bbox 946 833 1049 874; x_wconf 90' lang='lat' dir='ltr'>hinc</span> <span class='ocrx_word' id='word_1_73' title='bbox 1082 833 1386 888; x_wconf 88' lang='lat' dir='ltr'>approbatum</span> <span class='ocrx_word' id='word_1_74' title='bbox 1417 834 1489 876; x_wconf 85' lang='lat' dir='ltr'>vel</span> <span class='ocrx_word' id='word_1_75' title='bbox 1520 834 1771 875; x_wconf 89' lang='lat' dir='ltr'>immissum</span> <span class='ocrx_word' id='word_1_76' title='bbox 1802 848 1944 889; x_wconf 87' lang='lat' dir='ltr'>usque</span> <span class='ocrx_word' id='word_1_77' title='bbox 1975 848 2041 884; x_wconf 90' lang='lat' dir='ltr'>eo,</span> 
     </span>
     <span class='ocr_line' id='line_1_11' title="bbox 356 904 2044 959; baseline 0.001 -14"><span class='ocrx_word' id='word_1_78' title='bbox 356 909 406 946; x_wconf 93' lang='lat' dir='ltr'>ut</span> <span class='ocrx_word' id='word_1_79' title='bbox 431 904 607 959; x_wconf 89' lang='lat' dir='ltr'>genitor</span> <span class='ocrx_word' id='word_1_80' title='bbox 629 904 818 953; x_wconf 79' lang='lat' dir='ltr'>noster‚2</span> <span class='ocrx_word' id='word_1_81' title='bbox 843 904 920 958; x_wconf 85' lang='lat' dir='ltr'>qui</span> <span class='ocrx_word' id='word_1_82' title='bbox 944 908 1128 945; x_wconf 89' lang='lat' dir='ltr'>tantum</span> <span class='ocrx_word' id='word_1_83' title='bbox 1152 904 1427 958; x_wconf 86' lang='lat' dir='ltr'>gubernator</span> <span class='ocrx_word' id='word_1_84' title='bbox 1451 909 1561 954; x_wconf 87' lang='lat' dir='ltr'>erat,</span> <span class='ocrx_word' id='word_1_85' title='bbox 1588 905 1738 959; x_wconf 88' lang='lat' dir='ltr'>plures</span> <span class='ocrx_word' id='word_1_86' title='bbox 1761 905 1850 946; x_wconf 84' lang='lat' dir='ltr'>illic</span> <span class='ocrx_word' id='word_1_87' title='bbox 1874 919 2044 947; x_wconf 87' lang='lat' dir='ltr'>succes-</span> 
     </span>
     <span class='ocr_line' id='line_1_12' title="bbox 355 974 2101 1032; baseline 0.001 -16"><span class='ocrx_word' id='word_1_88' title='bbox 355 975 450 1016; x_wconf 86' lang='lat' dir='ltr'>sive</span> <span class='ocrx_word' id='word_1_89' title='bbox 480 975 538 1016; x_wconf 89' lang='lat' dir='ltr'>ad</span> <span class='ocrx_word' id='word_1_90' title='bbox 566 975 747 1017; x_wconf 86' lang='lat' dir='ltr'>libitum</span> <span class='ocrx_word' id='word_1_91' title='bbox 777 980 821 1016; x_wconf 89' lang='lat' dir='ltr'>et</span> <span class='ocrx_word' id='word_1_92' title='bbox 851 975 946 1016; x_wconf 90' lang='lat' dir='ltr'>sine</span> <span class='ocrx_word' id='word_1_93' title='bbox 976 974 1333 1017; x_wconf 78' lang='lat' dir='ltr'>contradictione</span> <span class='ocrx_word' id='word_1_94' title='bbox 1362 976 1625 1031; x_wconf 78' lang='lat' dir='ltr'>praefecerit</span> <span class='ocrx_word' id='word_1_95' title='bbox 1656 976 1888 1018; x_wconf 85' lang='lat' dir='ltr'>vaivodas.</span> <span class='ocrx_word' id='word_1_96' title='bbox 1920 977 2101 1032; x_wconf 72' lang='lat' dir='ltr'>Quaen&gt;</span> 
     </span>
     <span class='ocr_line' id='line_1_13' title="bbox 358 1045 2047 1102; baseline 0.002 -16"><span class='ocrx_word' id='word_1_97' title='bbox 358 1045 510 1087; x_wconf 90' lang='lat' dir='ltr'>omnia</span> <span class='ocrx_word' id='word_1_98' title='bbox 540 1046 670 1087; x_wconf 78' lang='lat' dir='ltr'>vanis</span> <span class='ocrx_word' id='word_1_99' title='bbox 700 1045 1068 1101; x_wconf 85' lang='lat' dir='ltr'>inscriptionibus</span> <span class='ocrx_word' id='word_1_100' title='bbox 1103 1045 1154 1099; x_wconf 87' lang='lat' dir='ltr'>(si</span> <span class='ocrx_word' id='word_1_101' title='bbox 1185 1059 1301 1100; x_wconf 87' lang='lat' dir='ltr'>quae</span> <span class='ocrx_word' id='word_1_102' title='bbox 1331 1046 1534 1088; x_wconf 81' lang='lat' dir='ltr'>fortassis</span> <span class='ocrx_word' id='word_1_103' title='bbox 1565 1047 1609 1087; x_wconf 92' lang='lat' dir='ltr'>in</span> <span class='ocrx_word' id='word_1_104' title='bbox 1641 1047 1917 1088; x_wconf 87' lang='lat' dir='ltr'>contrarium</span> <span class='ocrx_word' id='word_1_105' title='bbox 1946 1061 2047 1102; x_wconf 88' lang='lat' dir='ltr'>pro-</span> 
     </span>
     <span class='ocr_line' id='line_1_14' title="bbox 358 1116 2047 1172; baseline 0.001 -14"><span class='ocrx_word' id='word_1_106' title='bbox 358 1117 470 1159; x_wconf 73' lang='lat' dir='ltr'>ferre</span> <span class='ocrx_word' id='word_1_107' title='bbox 485 1117 684 1172; x_wconf 89' lang='lat' dir='ltr'>possent)</span> <span class='ocrx_word' id='word_1_108' title='bbox 712 1117 933 1158; x_wconf 77' lang='lat' dir='ltr'>validiora</span> <span class='ocrx_word' id='word_1_109' title='bbox 956 1121 1000 1158; x_wconf 92' lang='lat' dir='ltr'>et</span> <span class='ocrx_word' id='word_1_110' title='bbox 1017 1116 1268 1158; x_wconf 79' lang='lat' dir='ltr'>efficaciora</span> <span class='ocrx_word' id='word_1_111' title='bbox 1292 1131 1385 1159; x_wconf 91' lang='lat' dir='ltr'>esse</span> <span class='ocrx_word' id='word_1_112' title='bbox 1410 1117 1748 1172; x_wconf 86' lang='lat' dir='ltr'>dignoscuntur.</span> <span class='ocrx_word' id='word_1_113' title='bbox 1775 1118 1869 1159; x_wconf 89' lang='lat' dir='ltr'>Nos</span> <span class='ocrx_word' id='word_1_114' title='bbox 1892 1122 2047 1159; x_wconf 89' lang='lat' dir='ltr'>tamen</span> 
     </span>
     <span class='ocr_line' id='line_1_15' title="bbox 357 1187 2048 1243; baseline 0.001 -14"><span class='ocrx_word' id='word_1_115' title='bbox 357 1188 402 1229; x_wconf 86' lang='lat' dir='ltr'>in</span> <span class='ocrx_word' id='word_1_116' title='bbox 440 1188 797 1243; x_wconf 85' lang='lat' dir='ltr'>praesentiarum</span> <span class='ocrx_word' id='word_1_117' title='bbox 835 1188 890 1229; x_wconf 91' lang='lat' dir='ltr'>de</span> <span class='ocrx_word' id='word_1_118' title='bbox 927 1187 980 1229; x_wconf 92' lang='lat' dir='ltr'>iis</span> <span class='ocrx_word' id='word_1_119' title='bbox 1017 1188 1285 1243; x_wconf 83' lang='lat' dir='ltr'>profundius</span> <span class='ocrx_word' id='word_1_120' title='bbox 1322 1188 1573 1243; x_wconf 87' lang='lat' dir='ltr'>disceptare</span> <span class='ocrx_word' id='word_1_121' title='bbox 1610 1188 1955 1230; x_wconf 85' lang='lat' dir='ltr'>rationabilibus</span> <span class='ocrx_word' id='word_1_122' title='bbox 1993 1189 2048 1230; x_wconf 89' lang='lat' dir='ltr'>de</span> 
     </span>
     <span class='ocr_line' id='line_1_16' title="bbox 359 1258 1077 1308; baseline 0 -8"><span class='ocrx_word' id='word_1_123' title='bbox 359 1259 504 1300; x_wconf 88' lang='lat' dir='ltr'>causis</span> <span class='ocrx_word' id='word_1_124' title='bbox 526 1272 616 1300; x_wconf 91' lang='lat' dir='ltr'>non</span> <span class='ocrx_word' id='word_1_125' title='bbox 640 1258 936 1300; x_wconf 79' lang='lat' dir='ltr'>intendimus3</span> <span class='ocrx_word' id='word_1_126' title='bbox 958 1272 967 1308; x_wconf 84' lang='lat'>;</span> <span class='ocrx_word' id='word_1_127' title='bbox 993 1264 1077 1300; x_wconf 89' lang='lat' dir='ltr'>etc.</span> 
     </span>
    </p>
   </div>
   <div class='ocr_carea' id='block_1_4' title="bbox 358 1366 2105 1588">
    <p class='ocr_par' dir='ltr' id='par_1_4' title="bbox 358 1366 2105 1588">
     <span class='ocr_line' id='line_1_17' title="bbox 504 1366 2105 1421; baseline 0 -21"><span class='ocrx_word' id='word_1_128' title='bbox 504 1366 639 1411; x_wconf 86' lang='lat' dir='ltr'>(Copia</span> <span class='ocrx_word' id='word_1_129' title='bbox 661 1366 828 1411; x_wconf 81' lang='lat' dir='ltr'>simplex</span> <span class='ocrx_word' id='word_1_130' title='bbox 854 1366 1022 1411; x_wconf 76' lang='lat' dir='ltr'>Magyar</span> <span class='ocrx_word' id='word_1_131' title='bbox 1056 1366 1103 1400; x_wconf 76' lang='lat' dir='ltr'>N.</span> <span class='ocrx_word' id='word_1_132' title='bbox 1128 1366 1324 1406; x_wconf 74' lang='lat' dir='ltr'>Miizeum,</span> <span class='ocrx_word' id='word_1_133' title='bbox 1352 1367 1572 1412; x_wconf 88' lang='lat' dir='ltr'>Budapest.</span> <span class='ocrx_word' id='word_1_134' title='bbox 1598 1367 1681 1401; x_wconf 88' lang='lat' dir='ltr'>Fol.</span> <span class='ocrx_word' id='word_1_135' title='bbox 1706 1367 1795 1401; x_wconf 91' lang='lat' dir='ltr'>Lat.</span> <span class='ocrx_word' id='word_1_136' title='bbox 1830 1367 1938 1401; x_wconf 83' lang='lat'>1668.</span> <span class='ocrx_word' id='word_1_137' title='bbox 1979 1366 2105 1421; x_wconf 68' lang='lat' dir='ltr'>sol.15</span> 
     </span>
     <span class='ocr_line' id='line_1_18' title="bbox 359 1425 2048 1471; baseline 0.001 -12"><span class='ocrx_word' id='word_1_138' title='bbox 359 1425 417 1469; x_wconf 90' lang='lat'>78.</span> <span class='ocrx_word' id='word_1_139' title='bbox 465 1426 605 1459; x_wconf 88' lang='lat' dir='ltr'>Edidit</span> <span class='ocrx_word' id='word_1_140' title='bbox 637 1426 812 1470; x_wconf 88' lang='lat' dir='ltr'>Joannes</span> <span class='ocrx_word' id='word_1_141' title='bbox 856 1425 997 1459; x_wconf 80' lang='lat' dir='ltr'>Szasz:</span> <span class='ocrx_word' id='word_1_142' title='bbox 1042 1425 1247 1470; x_wconf 87' lang='lat' dir='ltr'>Epistolae</span> <span class='ocrx_word' id='word_1_143' title='bbox 1280 1426 1479 1460; x_wconf 83' lang='lat' dir='ltr'>Matthiae</span> <span class='ocrx_word' id='word_1_144' title='bbox 1513 1426 1673 1460; x_wconf 85' lang='lat' dir='ltr'>Corvini</span> <span class='ocrx_word' id='word_1_145' title='bbox 1707 1426 1807 1470; x_wconf 87' lang='lat' dir='ltr'>regis</span> <span class='ocrx_word' id='word_1_146' title='bbox 1848 1426 2048 1471; x_wconf 88' lang='lat' dir='ltr'>Ungariae</span> 
     </span>
     <span class='ocr_line' id='line_1_19' title="bbox 358 1484 2046 1530; baseline 0.001 -13"><span class='ocrx_word' id='word_1_147' title='bbox 358 1484 434 1518; x_wconf 89' lang='lat' dir='ltr'>vol.</span> <span class='ocrx_word' id='word_1_148' title='bbox 461 1485 537 1518; x_wconf 89' lang='lat' dir='ltr'>III.</span> <span class='ocrx_word' id='word_1_149' title='bbox 562 1495 650 1530; x_wconf 89' lang='lat' dir='ltr'>pag.</span> <span class='ocrx_word' id='word_1_150' title='bbox 673 1487 835 1529; x_wconf 80' lang='grc'>56-59,</span> <span class='ocrx_word' id='word_1_151' title='bbox 864 1488 905 1519; x_wconf 84' lang='lat' dir='ltr'>et</span> <span class='ocrx_word' id='word_1_152' title='bbox 927 1485 1101 1518; x_wconf 83' lang='lat' dir='ltr'>Fraknoi</span> <span class='ocrx_word' id='word_1_153' title='bbox 1124 1484 1298 1518; x_wconf 86' lang='lat' dir='ltr'>Vilmos:</span> <span class='ocrx_word' id='word_1_154' title='bbox 1322 1485 1483 1530; x_wconf 76' lang='lat' dir='ltr'>Matyas</span> <span class='ocrx_word' id='word_1_155' title='bbox 1504 1485 1633 1530; x_wconf 80' lang='lat' dir='ltr'>kiraly</span> <span class='ocrx_word' id='word_1_156' title='bbox 1655 1485 1792 1519; x_wconf 81' lang='lat' dir='ltr'>levelei</span> <span class='ocrx_word' id='word_1_157' title='bbox 1812 1485 1890 1519; x_wconf 80' lang='lat' dir='ltr'>vol.</span> <span class='ocrx_word' id='word_1_158' title='bbox 1908 1485 1938 1519; x_wconf 93' lang='lat' dir='ltr'>I.</span> <span class='ocrx_word' id='word_1_159' title='bbox 1955 1496 2046 1530; x_wconf 88' lang='lat' dir='ltr'>pag.</span> 
     </span>
     <span class='ocr_line' id='line_1_20' title="bbox 358 1544 585 1588; baseline 0.004 -12"><span class='ocrx_word' id='word_1_160' title='bbox 358 1544 585 1588; x_wconf 51' lang='lat'>211-·213)</span> 
     </span>
    </p>
   </div>
   <div class='ocr_carea' id='block_1_5' title="bbox 1183 1659 1220 1701">
    <p class='ocr_par' dir='ltr' id='par_1_5' title="bbox 1183 1659 1220 1701">
     <span class='ocr_line' id='line_1_21' title="bbox 1183 1659 1220 1701; baseline -0.027 0"><span class='ocrx_word' id='word_1_161' title='bbox 1183 1659 1220 1701; x_wconf 91' lang='lat'>6.</span> 
     </span>
    </p>
   </div>
   <div class='ocr_carea' id='block_1_6' title="bbox 570 1769 2106 1911">
    <p class='ocr_par' dir='ltr' id='par_1_6' title="bbox 570 1769 2106 1911">
     <span class='ocr_line' id='line_1_22' title="bbox 785 1769 1616 1825; baseline 0 -14"><span class='ocrx_word' id='word_1_162' title='bbox 785 1770 1066 1825; x_wconf 75' lang='lat' dir='ltr'>Regensbmg,</span> <span class='ocrx_word' id='word_1_163' title='bbox 1113 1782 1152 1823; x_wconf 83' lang='lat'>5.</span> <span class='ocrx_word' id='word_1_164' title='bbox 1200 1769 1445 1811; x_wconf 72' lang='lat' dir='ltr'>Decembris</span> <span class='ocrx_word' id='word_1_165' title='bbox 1490 1782 1616 1824; x_wconf 80' lang='lat'><em>1471.</em></span> 
     </span>
     <span class='ocr_line' id='line_1_23' title="bbox 570 1860 2106 1911; baseline -0.001 -11"><span class='ocrx_word' id='word_1_166' title='bbox 570 1862 792 1900; x_wconf 84' lang='lat' dir='ltr'>Mathaeus</span> <span class='ocrx_word' id='word_1_167' title='bbox 831 1861 1046 1900; x_wconf 85' lang='lat' dir='ltr'>Delnitzer</span> <span class='ocrx_word' id='word_1_168' title='bbox 1086 1861 1272 1899; x_wconf 82' lang='lat' dir='ltr'>Mathiae</span> <span class='ocrx_word' id='word_1_169' title='bbox 1309 1861 1474 1900; x_wconf 84' lang='lat' dir='ltr'>Schlick</span> <span class='ocrx_word' id='word_1_170' title='bbox 1516 1861 1589 1899; x_wconf 77' lang='lat' dir='ltr'>auf</span> <span class='ocrx_word' id='word_1_171' title='bbox 1628 1860 1829 1911; x_wconf 80' lang='lat' dir='ltr'>Elbogen.</span> <span class='ocrx_word' id='word_1_172' title='bbox 2063 1879 2106 1906; x_wconf 75' lang='lat'>20</span> 
     </span>
    </p>
   </div>
   <div class='ocr_carea' id='block_1_7' title="bbox 490 1971 1901 2024">
    <p class='ocr_par' dir='ltr' id='par_1_7' title="bbox 490 1971 1901 2024">
     <span class='ocr_line' id='line_1_24' title="bbox 490 1971 1901 2024; baseline -0.001 -11"><span class='ocrx_word' id='word_1_173' title='bbox 490 1973 554 2013; x_wconf 73' lang='lat' dir='ltr'>De</span> <span class='ocrx_word' id='word_1_174' title='bbox 589 1976 840 2013; x_wconf 68' lang='lat' dir='ltr'>terraemotu</span> <span class='ocrx_word' id='word_1_175' title='bbox 875 1972 924 2013; x_wconf 75' lang='lat' dir='ltr'>in</span> <span class='ocrx_word' id='word_1_176' title='bbox 962 1971 1299 2024; x_wconf 42' lang='lat' dir='ltr'>Transrlvania,</span> <span class='ocrx_word' id='word_1_177' title='bbox 1336 1971 1566 2012; x_wconf 77' lang='lat' dir='ltr'>Moldavia</span> <span class='ocrx_word' id='word_1_178' title='bbox 1602 1975 1638 2012; x_wconf 77' lang='lat' dir='ltr'>et</span> <span class='ocrx_word' id='word_1_179' title='bbox 1677 1971 1901 2012; x_wconf 76' lang='lat' dir='ltr'>Valaclzicz.</span> 
     </span>
    </p>
   </div>
   <div class='ocr_carea' id='block_1_8' title="bbox 361 2077 2050 2203">
    <p class='ocr_par' dir='ltr' id='par_1_8' title="bbox 361 2077 2050 2203">
     <span class='ocr_line' id='line_1_25' title="bbox 505 2077 2050 2134; baseline -0.002 -13"><span class='ocrx_word' id='word_1_180' title='bbox 505 2080 622 2121; x_wconf 87' lang='lat' dir='ltr'>Item</span> <span class='ocrx_word' id='word_1_181' title='bbox 650 2079 721 2121; x_wconf 87' lang='lat' dir='ltr'>ich</span> <span class='ocrx_word' id='word_1_182' title='bbox 748 2080 852 2134; x_wconf 78' lang='lat' dir='ltr'>fiige</span> <span class='ocrx_word' id='word_1_183' title='bbox 879 2079 966 2120; x_wconf 89' lang='lat' dir='ltr'>uch</span> <span class='ocrx_word' id='word_1_184' title='bbox 992 2078 1166 2127; x_wconf 76' lang='lat' dir='ltr'>wissen,</span> <span class='ocrx_word' id='word_1_185' title='bbox 1196 2077 1299 2119; x_wconf 90' lang='lat' dir='ltr'>dass</span> <span class='ocrx_word' id='word_1_186' title='bbox 1326 2077 1413 2118; x_wconf 88' lang='lat' dir='ltr'>den</span> <span class='ocrx_word' id='word_1_187' title='bbox 1439 2077 1646 2118; x_wconf 90' lang='lat' dir='ltr'>nehisten</span> <span class='ocrx_word' id='word_1_188' title='bbox 1673 2078 1768 2131; x_wconf 89' lang='lat' dir='ltr'>Tag</span> <span class='ocrx_word' id='word_1_189' title='bbox 1794 2077 1911 2119; x_wconf 86' lang='lat' dir='ltr'>noch</span> <span class='ocrx_word' id='word_1_190' title='bbox 1938 2077 2050 2118; x_wconf 90' lang='lat' dir='ltr'>dato</span> 
     </span>
     <span class='ocr_line' id='line_1_26' title="bbox 361 2147 2050 2203; baseline -0.002 -11"><span class='ocrx_word' id='word_1_191' title='bbox 361 2151 454 2192; x_wconf 91' lang='lat' dir='ltr'>dies</span> <span class='ocrx_word' id='word_1_192' title='bbox 485 2151 669 2199; x_wconf 65' lang='lat' dir='ltr'>Bflefes,</span> <span class='ocrx_word' id='word_1_193' title='bbox 704 2150 807 2191; x_wconf 87' lang='lat' dir='ltr'>dass</span> <span class='ocrx_word' id='word_1_194' title='bbox 838 2150 897 2191; x_wconf 92' lang='lat' dir='ltr'>ist</span> <span class='ocrx_word' id='word_1_195' title='bbox 929 2149 974 2190; x_wconf 90' lang='lat' dir='ltr'>in</span> <span class='ocrx_word' id='word_1_196' title='bbox 1007 2149 1109 2190; x_wconf 92' lang='lat' dir='ltr'>dem</span> <span class='ocrx_word' id='word_1_197' title='bbox 1140 2149 1260 2203; x_wconf 84' lang='lat' dir='ltr'>Tage</span> <span class='ocrx_word' id='word_1_198' title='bbox 1291 2147 1614 2190; x_wconf 87' lang='lat' dir='ltr'>Decollationis</span> <span class='ocrx_word' id='word_1_199' title='bbox 1642 2148 1684 2189; x_wconf 79' lang='lat' dir='ltr'>S.</span> <span class='ocrx_word' id='word_1_200' title='bbox 1715 2148 1939 2201; x_wconf 89' lang='lat' dir='ltr'>Johannis</span> <span class='ocrx_word' id='word_1_201' title='bbox 1970 2147 2050 2189; x_wconf 89' lang='lat' dir='ltr'>des</span> 
     </span>
    </p>
   </div>
   <div class='ocr_carea' id='block_1_9' title="bbox 252 2218 2049 2273">
    <p class='ocr_par' dir='ltr' id='par_1_9' title="bbox 252 2218 2049 2273">
     <span class='ocr_line' id='line_1_27' title="bbox 252 2218 2049 2273; baseline -0.003 -9"><span class='ocrx_word' id='word_1_202' title='bbox 252 2249 261 2256; x_wconf 73' lang='lat'><strong>·</strong></span> <span class='ocrx_word' id='word_1_203' title='bbox 284 2237 334 2267; x_wconf 79' lang='lat' dir='ltr'>ug·</span> <span class='ocrx_word' id='word_1_204' title='bbox 361 2221 547 2264; x_wconf 80' lang='lat' dir='ltr'>T&#39;aufers</span> <span class='ocrx_word' id='word_1_205' title='bbox 573 2222 808 2263; x_wconf 84' lang='lat' dir='ltr'>zwiischen</span> <span class='ocrx_word' id='word_1_206' title='bbox 836 2221 975 2262; x_wconf 87' lang='lat' dir='ltr'>zehen</span> <span class='ocrx_word' id='word_1_207' title='bbox 1002 2220 1097 2261; x_wconf 88' lang='lat' dir='ltr'>und</span> <span class='ocrx_word' id='word_1_208' title='bbox 1135 2219 1268 2261; x_wconf 81' lang='lat' dir='ltr'>eilfen</span> <span class='ocrx_word' id='word_1_209' title='bbox 1307 2219 1365 2260; x_wconf 92' lang='lat' dir='ltr'>ist</span> <span class='ocrx_word' id='word_1_210' title='bbox 1405 2218 1475 2260; x_wconf 89' lang='lat' dir='ltr'>ein</span> <span class='ocrx_word' id='word_1_211' title='bbox 1513 2232 1663 2272; x_wconf 84' lang='lat' dir='ltr'>grosse</span> <span class='ocrx_word' id='word_1_212' title='bbox 1702 2219 1970 2273; x_wconf 86' lang='lat' dir='ltr'>Ertbebung</span> <span class='ocrx_word' id='word_1_213' title='bbox 2003 2218 2049 2259; x_wconf 92' lang='lat' dir='ltr'>in</span> 
     </span>
    </p>
   </div>
   <div class='ocr_carea' id='block_1_10' title="bbox 360 2289 2107 2982">
    <p class='ocr_par' dir='ltr' id='par_1_10' title="bbox 361 2289 2107 2404">
     <span class='ocr_line' id='line_1_28' title="bbox 361 2289 2107 2344; baseline -0.002 -11"><span class='ocrx_word' id='word_1_214' title='bbox 361 2292 439 2333; x_wconf 87' lang='lat' dir='ltr'>der</span> <span class='ocrx_word' id='word_1_215' title='bbox 454 2292 637 2333; x_wconf 87' lang='lat' dir='ltr'>Kronen</span> <span class='ocrx_word' id='word_1_216' title='bbox 660 2293 887 2341; x_wconf 87' lang='lat' dir='ltr'>kommen,</span> <span class='ocrx_word' id='word_1_217' title='bbox 912 2291 1005 2332; x_wconf 91' lang='lat' dir='ltr'>also</span> <span class='ocrx_word' id='word_1_218' title='bbox 1028 2291 1132 2332; x_wconf 90' lang='lat' dir='ltr'>dass</span> <span class='ocrx_word' id='word_1_219' title='bbox 1155 2290 1238 2331; x_wconf 85' lang='lat' dir='ltr'>alle</span> <span class='ocrx_word' id='word_1_220' title='bbox 1261 2289 1490 2337; x_wconf 66' lang='lat' dir='ltr'>Gebaude,</span> <span class='ocrx_word' id='word_1_221' title='bbox 1516 2289 1632 2344; x_wconf 85' lang='lat' dir='ltr'>Berg</span> <span class='ocrx_word' id='word_1_222' title='bbox 1653 2289 1747 2330; x_wconf 90' lang='lat' dir='ltr'>und</span> <span class='ocrx_word' id='word_1_223' title='bbox 1769 2290 1850 2331; x_wconf 87' lang='lat' dir='ltr'>Tal</span> <span class='ocrx_word' id='word_1_224' title='bbox 1871 2290 2046 2344; x_wconf 81' lang='lat' dir='ltr'>bewegt</span> <span class='ocrx_word' id='word_1_225' title='bbox 2062 2304 2107 2330; x_wconf 67' lang='lat'>25</span> 
     </span>
     <span class='ocr_line' id='line_1_29' title="bbox 362 2363 684 2404; baseline 0 0"><span class='ocrx_word' id='word_1_226' title='bbox 362 2363 462 2404; x_wconf 89' lang='lat' dir='ltr'>sind</span> <span class='ocrx_word' id='word_1_227' title='bbox 487 2363 684 2404; x_wconf 84' lang='lat' dir='ltr'>wurden.</span> 
     </span>
    </p>

    <p class='ocr_par' dir='ltr' id='par_1_11' title="bbox 360 2431 2105 2982">
     <span class='ocr_line' id='line_1_30' title="bbox 507 2431 2050 2487; baseline -0.002 -12"><span class='ocrx_word' id='word_1_228' title='bbox 507 2434 624 2475; x_wconf 90' lang='lat' dir='ltr'>Item</span> <span class='ocrx_word' id='word_1_229' title='bbox 649 2447 739 2475; x_wconf 80' lang='lat' dir='ltr'>von</span> <span class='ocrx_word' id='word_1_230' title='bbox 764 2433 867 2475; x_wconf 88' lang='lat' dir='ltr'>dem</span> <span class='ocrx_word' id='word_1_231' title='bbox 892 2433 1034 2487; x_wconf 88' lang='lat' dir='ltr'>Berge</span> <span class='ocrx_word' id='word_1_232' title='bbox 1059 2432 1136 2473; x_wconf 90' lang='lat' dir='ltr'>des</span> <span class='ocrx_word' id='word_1_233' title='bbox 1158 2431 1384 2473; x_wconf 84' lang='lat' dir='ltr'>Schlosses</span> <span class='ocrx_word' id='word_1_234' title='bbox 1408 2444 1498 2472; x_wconf 88' lang='lat' dir='ltr'>von</span> <span class='ocrx_word' id='word_1_235' title='bbox 1524 2431 1602 2472; x_wconf 89' lang='lat' dir='ltr'>der</span> <span class='ocrx_word' id='word_1_236' title='bbox 1626 2431 1758 2472; x_wconf 76' lang='lat' dir='ltr'>Hohe</span> <span class='ocrx_word' id='word_1_237' title='bbox 1783 2431 1860 2472; x_wconf 91' lang='lat' dir='ltr'>des</span> <span class='ocrx_word' id='word_1_238' title='bbox 1885 2431 2050 2485; x_wconf 88' lang='lat' dir='ltr'>Berges</span> 
     </span>
     <span class='ocr_line' id='line_1_31' title="bbox 361 2501 2051 2558; baseline -0.001 -14"><span class='ocrx_word' id='word_1_239' title='bbox 361 2503 516 2558; x_wconf 87' lang='lat' dir='ltr'>geigen</span> <span class='ocrx_word' id='word_1_240' title='bbox 552 2504 629 2545; x_wconf 90' lang='lat' dir='ltr'>der</span> <span class='ocrx_word' id='word_1_241' title='bbox 661 2504 794 2546; x_wconf 83' lang='lat' dir='ltr'>Stadt</span> <span class='ocrx_word' id='word_1_242' title='bbox 831 2517 912 2545; x_wconf 92' lang='lat' dir='ltr'>aus</span> <span class='ocrx_word' id='word_1_243' title='bbox 945 2503 1243 2556; x_wconf 84' lang='lat' dir='ltr'>Zubrechung</span> <span class='ocrx_word' id='word_1_244' title='bbox 1278 2501 1355 2543; x_wconf 87' lang='lat' dir='ltr'>des</span> <span class='ocrx_word' id='word_1_245' title='bbox 1391 2501 1556 2556; x_wconf 86' lang='lat' dir='ltr'>Berges</span> <span class='ocrx_word' id='word_1_246' title='bbox 1591 2501 1680 2543; x_wconf 87' lang='lat' dir='ltr'>sint</span> <span class='ocrx_word' id='word_1_247' title='bbox 1717 2515 1865 2543; x_wconf 84' lang='lat' dir='ltr'>zween</span> <span class='ocrx_word' id='word_1_248' title='bbox 1899 2515 2051 2556; x_wconf 85' lang='lat' dir='ltr'>grosse</span> 
     </span>
     <span class='ocr_line' id='line_1_32' title="bbox 360 2572 2050 2627; baseline -0.001 -13"><span class='ocrx_word' id='word_1_249' title='bbox 360 2573 510 2615; x_wconf 79' lang='lat' dir='ltr'>Steine</span> <span class='ocrx_word' id='word_1_250' title='bbox 546 2576 772 2616; x_wconf 85' lang='lat' dir='ltr'>kommen.</span> <span class='ocrx_word' id='word_1_251' title='bbox 812 2574 919 2616; x_wconf 92' lang='lat' dir='ltr'>Und</span> <span class='ocrx_word' id='word_1_252' title='bbox 957 2574 1027 2615; x_wconf 87' lang='lat' dir='ltr'>die</span> <span class='ocrx_word' id='word_1_253' title='bbox 1065 2573 1348 2627; x_wconf 88' lang='lat' dir='ltr'>Ertbibunge</span> <span class='ocrx_word' id='word_1_254' title='bbox 1385 2572 1443 2613; x_wconf 90' lang='lat' dir='ltr'>ist</span> <span class='ocrx_word' id='word_1_255' title='bbox 1481 2572 1525 2613; x_wconf 90' lang='lat' dir='ltr'>in</span> <span class='ocrx_word' id='word_1_256' title='bbox 1564 2572 1840 2627; x_wconf 83' lang='lat' dir='ltr'>derselbigen</span> <span class='ocrx_word' id='word_1_257' title='bbox 1875 2572 2050 2614; x_wconf 87' lang='lat' dir='ltr'>Stunde</span> 
     </span>
     <span class='ocr_line' id='line_1_33' title="bbox 363 2642 2105 2698; baseline -0.002 -13"><span class='ocrx_word' id='word_1_258' title='bbox 363 2645 577 2698; x_wconf 85' lang='lat' dir='ltr'>gescheen</span> <span class='ocrx_word' id='word_1_259' title='bbox 592 2645 637 2686; x_wconf 89' lang='lat' dir='ltr'>in</span> <span class='ocrx_word' id='word_1_260' title='bbox 653 2645 730 2686; x_wconf 90' lang='lat' dir='ltr'>der</span> <span class='ocrx_word' id='word_1_261' title='bbox 744 2645 928 2686; x_wconf 88' lang='lat' dir='ltr'>Mulden</span> <span class='ocrx_word' id='word_1_262' title='bbox 942 2645 1011 2686; x_wconf 89' lang='lat' dir='ltr'>bis</span> <span class='ocrx_word' id='word_1_263' title='bbox 1027 2658 1084 2685; x_wconf 90' lang='lat' dir='ltr'>an</span> <span class='ocrx_word' id='word_1_264' title='bbox 1109 2644 1189 2685; x_wconf 91' lang='lat' dir='ltr'>das</span> <span class='ocrx_word' id='word_1_265' title='bbox 1203 2643 1355 2685; x_wconf 89' lang='lat' dir='ltr'>weisse</span> <span class='ocrx_word' id='word_1_266' title='bbox 1368 2642 1558 2692; x_wconf 80' lang='lat' dir='ltr'>Schloss‚</span> <span class='ocrx_word' id='word_1_267' title='bbox 1576 2643 1738 2685; x_wconf 82' lang='lat' dir='ltr'>Nester</span> <span class='ocrx_word' id='word_1_268' title='bbox 1751 2647 1966 2698; x_wconf 88' lang='lat' dir='ltr'>genannt,</span> <span class='ocrx_word' id='word_1_269' title='bbox 1981 2643 2049 2683; x_wconf 91' lang='lat' dir='ltr'>bis</span> <span class='ocrx_word' id='word_1_270' title='bbox 2064 2656 2105 2682; x_wconf 87' lang='lat'>30</span> 
     </span>
     <span class='ocr_line' id='line_1_34' title="bbox 366 2713 2050 2770; baseline -0.001 -15"><span class='ocrx_word' id='word_1_271' title='bbox 366 2715 581 2769; x_wconf 88' lang='lat' dir='ltr'>Capham‚</span> <span class='ocrx_word' id='word_1_272' title='bbox 605 2716 699 2757; x_wconf 92' lang='lat' dir='ltr'>und</span> <span class='ocrx_word' id='word_1_273' title='bbox 721 2716 801 2757; x_wconf 91' lang='lat' dir='ltr'>das</span> <span class='ocrx_word' id='word_1_274' title='bbox 820 2715 997 2757; x_wconf 83' lang='lat' dir='ltr'>Schloss</span> <span class='ocrx_word' id='word_1_275' title='bbox 1026 2715 1129 2770; x_wconf 78' lang='lat' dir='ltr'>[des]</span> <span class='ocrx_word' id='word_1_276' title='bbox 1154 2713 1372 2756; x_wconf 89' lang='lat' dir='ltr'>Waibode</span> <span class='ocrx_word' id='word_1_277' title='bbox 1394 2713 1439 2754; x_wconf 87' lang='lat' dir='ltr'>in</span> <span class='ocrx_word' id='word_1_278' title='bbox 1462 2713 1540 2754; x_wconf 90' lang='lat' dir='ltr'>der</span> <span class='ocrx_word' id='word_1_279' title='bbox 1561 2713 1790 2755; x_wconf 83' lang='lat' dir='ltr'>VValachei</span> <span class='ocrx_word' id='word_1_280' title='bbox 1817 2714 1875 2755; x_wconf 93' lang='lat' dir='ltr'>ist</span> <span class='ocrx_word' id='word_1_281' title='bbox 1897 2713 2050 2754; x_wconf 87' lang='lat' dir='ltr'>villich</span> 
     </span>
     <span class='ocr_line' id='line_1_35' title="bbox 363 2784 2051 2839; baseline -0.001 -13"><span class='ocrx_word' id='word_1_282' title='bbox 363 2798 442 2839; x_wconf 87' lang='lat' dir='ltr'>gar</span> <span class='ocrx_word' id='word_1_283' title='bbox 474 2786 741 2827; x_wconf 88' lang='lat' dir='ltr'>zubrochen.</span> <span class='ocrx_word' id='word_1_284' title='bbox 778 2786 1006 2827; x_wconf 88' lang='lat' dir='ltr'>Doselbist</span> <span class='ocrx_word' id='word_1_285' title='bbox 1040 2785 1099 2827; x_wconf 89' lang='lat' dir='ltr'>ist</span> <span class='ocrx_word' id='word_1_286' title='bbox 1133 2785 1204 2826; x_wconf 91' lang='lat' dir='ltr'>die</span> <span class='ocrx_word' id='word_1_287' title='bbox 1237 2784 1358 2826; x_wconf 87' lang='lat' dir='ltr'>Erde</span> <span class='ocrx_word' id='word_1_288' title='bbox 1389 2784 1590 2838; x_wconf 74' lang='lat' dir='ltr'>geoffnet</span> <span class='ocrx_word' id='word_1_289' title='bbox 1624 2784 1719 2826; x_wconf 91' lang='lat' dir='ltr'>und</span> <span class='ocrx_word' id='word_1_290' title='bbox 1751 2797 1875 2839; x_wconf 85' lang='lat' dir='ltr'>gross</span> <span class='ocrx_word' id='word_1_291' title='bbox 1905 2784 2051 2826; x_wconf 84' lang='lat' dir='ltr'>Stank</span> 
     </span>
     <span class='ocr_line' id='line_1_36' title="bbox 364 2854 2050 2898; baseline -0.001 -2"><span class='ocrx_word' id='word_1_292' title='bbox 364 2855 447 2896; x_wconf 89' lang='lat' dir='ltr'>mit</span> <span class='ocrx_word' id='word_1_293' title='bbox 489 2856 643 2897; x_wconf 75' lang='lat' dir='ltr'>bosem</span> <span class='ocrx_word' id='word_1_294' title='bbox 687 2856 973 2898; x_wconf 88' lang='lat' dir='ltr'>stinkendem</span> <span class='ocrx_word' id='word_1_295' title='bbox 1016 2856 1194 2897; x_wconf 80' lang='lat' dir='ltr'>wasser</span> <span class='ocrx_word' id='word_1_296' title='bbox 1236 2854 1330 2896; x_wconf 90' lang='lat' dir='ltr'>und</span> <span class='ocrx_word' id='word_1_297' title='bbox 1373 2854 1543 2896; x_wconf 91' lang='lat' dir='ltr'>andern</span> <span class='ocrx_word' id='word_1_298' title='bbox 1586 2855 1789 2897; x_wconf 87' lang='lat' dir='ltr'>Ufflaten</span> <span class='ocrx_word' id='word_1_299' title='bbox 1831 2855 1912 2896; x_wconf 78' lang='lat' dir='ltr'>hat</span> <span class='ocrx_word' id='word_1_300' title='bbox 1955 2854 2050 2895; x_wconf 89' lang='lat' dir='ltr'>sich</span> 
     </span>
     <span class='ocr_line' id='line_1_37' title="bbox 366 2924 2050 2982; baseline -0.001 -16"><span class='ocrx_word' id='word_1_301' title='bbox 366 2931 593 2980; x_wconf 87' lang='lat' dir='ltr'>erougent.</span> <span class='ocrx_word' id='word_1_302' title='bbox 623 2927 739 2968; x_wconf 92' lang='lat' dir='ltr'>Item</span> <span class='ocrx_word' id='word_1_303' title='bbox 765 2941 872 2968; x_wconf 92' lang='lat' dir='ltr'>man</span> <span class='ocrx_word' id='word_1_304' title='bbox 898 2931 1039 2982; x_wconf 85' lang='lat' dir='ltr'>saget,</span> <span class='ocrx_word' id='word_1_305' title='bbox 1067 2926 1170 2968; x_wconf 89' lang='lat' dir='ltr'>dass</span> <span class='ocrx_word' id='word_1_306' title='bbox 1196 2925 1241 2966; x_wconf 87' lang='lat' dir='ltr'>in</span> <span class='ocrx_word' id='word_1_307' title='bbox 1268 2925 1346 2967; x_wconf 89' lang='lat' dir='ltr'>der</span> <span class='ocrx_word' id='word_1_308' title='bbox 1370 2925 1567 2967; x_wconf 88' lang='lat' dir='ltr'>Muldaw</span> <span class='ocrx_word' id='word_1_309' title='bbox 1593 2925 1663 2967; x_wconf 85' lang='lat' dir='ltr'>ein</span> <span class='ocrx_word' id='word_1_310' title='bbox 1690 2925 1803 2967; x_wconf 78' lang='lat' dir='ltr'>Dorf</span> <span class='ocrx_word' id='word_1_311' title='bbox 1827 2938 1941 2979; x_wconf 87' lang='lat' dir='ltr'>ganz</span> <span class='ocrx_word' id='word_1_312' title='bbox 1965 2924 2050 2965; x_wconf 90' lang='lat' dir='ltr'>mit</span> 
     </span>
    </p>
   </div>
   <div class='ocr_carea' id='block_1_11' title="bbox 364 3060 2106 3229">
    <p class='ocr_par' dir='ltr' id='par_1_12' title="bbox 364 3060 2106 3229">
     <span class='ocr_line' id='line_1_38' title="bbox 509 3060 2106 3116; baseline -0.001 -16"><span class='ocrx_word' id='word_1_313' title='bbox 509 3060 525 3085; x_wconf 80' lang='lat'>2</span> <span class='ocrx_word' id='word_1_314' title='bbox 552 3066 726 3110; x_wconf 86' lang='lat' dir='ltr'>Joannes</span> <span class='ocrx_word' id='word_1_315' title='bbox 756 3067 960 3112; x_wconf 88' lang='lat' dir='ltr'>Hunyadi,</span> <span class='ocrx_word' id='word_1_316' title='bbox 989 3070 1172 3102; x_wconf 87' lang='lat' dir='ltr'>mortuus</span> <span class='ocrx_word' id='word_1_317' title='bbox 1194 3068 1302 3111; x_wconf 84' lang='lat'><strong>1456.</strong></span> <span class='ocrx_word' id='word_1_318' title='bbox 1336 3065 1469 3100; x_wconf 83' lang='lat' dir='ltr'>³Haee</span> <span class='ocrx_word' id='word_1_319' title='bbox 1488 3066 1644 3101; x_wconf 88' lang='lat' dir='ltr'>litterae</span> <span class='ocrx_word' id='word_1_320' title='bbox 1668 3065 1937 3111; x_wconf 86' lang='lat' dir='ltr'>responsoriae</span> <span class='ocrx_word' id='word_1_321' title='bbox 1956 3068 2050 3100; x_wconf 87' lang='lat' dir='ltr'>sunt</span> <span class='ocrx_word' id='word_1_322' title='bbox 2064 3090 2106 3116; x_wconf 77' lang='lat'>35</span> 
     </span>
     <span class='ocr_line' id='line_1_39' title="bbox 364 3123 2045 3170; baseline 0.001 -13"><span class='ocrx_word' id='word_1_323' title='bbox 364 3123 562 3168; x_wconf 85' lang='lat' dir='ltr'>iHis,quae</span> <span class='ocrx_word' id='word_1_324' title='bbox 570 3125 643 3158; x_wconf 89' lang='lat' dir='ltr'>sub</span> <span class='ocrx_word' id='word_1_325' title='bbox 651 3135 756 3159; x_wconf 90' lang='lat' dir='ltr'>anno</span> <span class='ocrx_word' id='word_1_326' title='bbox 767 3126 937 3169; x_wconf 86' lang='lat' dir='ltr'><em>1468l11.</em></span> <span class='ocrx_word' id='word_1_327' title='bbox 953 3126 993 3159; x_wconf 89' lang='lat' dir='ltr'>in</span> <span class='ocrx_word' id='word_1_328' title='bbox 1008 3126 1257 3160; x_wconf 84' lang='lat' dir='ltr'>Hurmuzaki</span> <span class='ocrx_word' id='word_1_329' title='bbox 1274 3124 1363 3169; x_wconf 91' lang='lat' dir='ltr'>(vol.</span> <span class='ocrx_word' id='word_1_330' title='bbox 1381 3123 1471 3164; x_wconf 78' lang='lat'><em>2111.</em></span> <span class='ocrx_word' id='word_1_331' title='bbox 1488 3135 1576 3170; x_wconf 88' lang='lat' dir='ltr'>pag.</span> <span class='ocrx_word' id='word_1_332' title='bbox 1596 3125 1820 3170; x_wconf 86' lang='lat'>188—189.)</span> <span class='ocrx_word' id='word_1_333' title='bbox 1837 3124 2045 3159; x_wconf 88' lang='lat' dir='ltr'>inveniun-</span> 
     </span>
     <span class='ocr_line' id='line_1_40' title="bbox 365 3183 1490 3229; baseline 0.001 -13"><span class='ocrx_word' id='word_1_334' title='bbox 365 3184 432 3216; x_wconf 80' lang='lat' dir='ltr'>tur</span> <span class='ocrx_word' id='word_1_335' title='bbox 445 3184 485 3216; x_wconf 87' lang='lat' dir='ltr'>et</span> <span class='ocrx_word' id='word_1_336' title='bbox 498 3186 603 3217; x_wconf 87' lang='lat' dir='ltr'>recte</span> <span class='ocrx_word' id='word_1_337' title='bbox 620 3183 821 3218; x_wconf 83' lang='lat' dir='ltr'>16.Martii</span> <span class='ocrx_word' id='word_1_338' title='bbox 838 3184 945 3228; x_wconf 84' lang='lat'>1468.</span> <span class='ocrx_word' id='word_1_339' title='bbox 961 3184 1174 3218; x_wconf 88' lang='lat' dir='ltr'>Cracoviae</span> <span class='ocrx_word' id='word_1_340' title='bbox 1194 3184 1365 3229; x_wconf 87' lang='lat' dir='ltr'>scriptae</span> <span class='ocrx_word' id='word_1_341' title='bbox 1384 3186 1490 3218; x_wconf 88' lang='lat' dir='ltr'>sunt.</span> 
     </span>
    </p>
   </div>
  </div>
 </body>
</html>
