2209 3643
308 183 380 225 298
1063 179 1138 212 No.
1162 187 1234 223 254
1686 173 1760 228 [25.
1782 177 1879 212 Maii
1907 188 2005 223 1539

1093 341 1193 382 254.

869 450 1013 499 Euda,
1050 461 1118 503 25.
1154 449 1278 491 Maii
1312 460 1441 504 1539.

308 542 453 581 Frater
489 540 645 592 Caspar
679 539 792 591 prior
827 540 984 579 ordinis
1018 540 1199 579 fratrum
1235 540 1549 580 Heremitarum
1582 539 1726 579 Sancti
1762 539 1881 578 Pauli
1928 551 2004 591 pro

655 604 777 650 parte
804 600 1048 639 colonorum
1074 600 1366 639 Valachalium
1394 601 1445 639 de
1471 601 1633 639 Maron.

450 699 740 751 Confirmatio
771 699 990 755 privilegii
1026 699 1316 742 Valaclzorum
1346 699 1395 741 in
1426 699 1517 741 vico
1548 700 1714 741 Maron
1745 699 1855 741 dic-io
1887 703 1923 740 et
1949 699 2005 740 ad
2043 721 2061 747 5

308 771 543 812 claustrum
578 770 751 825 Szz'ldgy
783 771 1022 826 pertinente
1055 770 1361 812 habitantium.

454 877 612 918 Frater
646 877 814 931 Caspar
850 876 1044 932 [ordinis]
1082 876 1275 918 fratrum
1309 876 1647 918 Heremitarum
1690 876 1846 918 Sancti
1880 876 2009 918 Pauli

308 947 442 1003 primi
474 947 735 989 Heremitae
767 948 1039 1002 regularium
1072 947 1204 989 Beati
1235 947 1479 1002 Augustini
1526 947 1856 1003 [pro]fessorum
1888 947 2010 1003 prior

308 1018 526 1073 generalis
563 1018 818 1073 caeterique
851 1023 1003 1074 patres
1043 1018 1291 1060 difinitores
1329 1018 1516 1074 capituli
1552 1018 1770 1073 generalis
1806 1018 1852 1060 in
1889 1032 2009 1060 anno

310 1089 492 1130 Domini
535 1100 647 1144 1539
688 1089 746 1131 ad
785 1089 1005 1131 Sanctum
1046 1089 1343 1131 Laurentium
1384 1103 1518 1145 super
1558 1090 1738 1131 Budam
1780 1089 2007 1131 celebrati.
2025 1112 2061 1138 10

310 1160 551 1202 Memoriae
571 1161 958 1210 commendamus,
981 1161 1104 1216 quod
1123 1160 1370 1216 prudentes
1389 1160 1475 1202 viri
1495 1160 1640 1202 coloni
1659 1160 1803 1202 nostri
1822 1160 2010 1202 Valachi

311 1231 365 1273 de
398 1231 571 1280 Maron,
607 1231 887 1286 pertinentes
920 1232 979 1274 ad
1014 1232 1262 1274 claustrum
1296 1236 1503 1273 nostrum
1537 1231 1661 1286 Zilag
1693 1235 2010 1286 nuncupatum

310 1302 369 1344 ad
400 1302 617 1344 honorem
649 1302 844 1357 Virginis
876 1303 1107 1345 Gloriosae
1138 1303 1393 1351 titulatum,
1426 1302 1556 1344 nobis
1587 1307 1791 1358 tempore
1823 1302 2011 1357 capituli

311 1387 475 1427 magna
498 1388 601 1414 cum
625 1373 845 1415 instantia
868 1374 1196 1430 supplicarunt,
1221 1373 1438 1428 quatinus
1461 1373 1745 1429 privilegium
1768 1373 2010 1428 antiquum

311 1444 535 1486 libertatis
569 1458 724 1486 eorum
758 1459 976 1487 renovare
1009 1449 1367 1499 restaurareque,
1410 1458 1461 1486 ac
1495 1444 1663 1486 eisdem
1702 1444 1899 1486 tribuere
1945 1444 2060 1493 di-15

310 1529 562 1570 gnaremur.
598 1516 691 1557 Nos
713 1516 849 1570 igitur
866 1516 974 1558 visis
1007 1516 1252 1558 eorundem
1289 1516 1549 1557 colonorum
1592 1520 1849 1557 nostrorum
1880 1515 2010 1557 iustis

312 1591 356 1628 et
388 1587 600 1641 legitimis
632 1587 930 1642 petitionibus
962 1602 1017 1629 ex
1049 1601 1160 1628 sano
1192 1587 1377 1628 consilio
1408 1586 1555 1642 ipsum
1588 1586 1885 1642 privilegium,
1919 1599 2009 1641 quo

313 1662 448 1699 antea
499 1658 778 1712 gaudebant,
831 1663 983 1700 ratum
1036 1659 1307 1712 firmumque
1358 1658 1578 1699 habentes
1642 1657 2009 1699 confirmavimus

312 1729 759 1784 restauravimusque
790 1730 874 1771 sub
906 1730 990 1771 hac
1022 1730 1168 1771 forma
1198 1743 1277 1771 seu
1308 1734 1492 1770 tenore:
1528 1729 1660 1784 Quod
1692 1728 1836 1770 coloni
1867 1728 2009 1770 nostri

313 1805 404 1841 tres
423 1814 611 1842 numero
634 1800 819 1855 singulis
845 1801 974 1842 annis
995 1805 1237 1842 teneantur
1268 1800 1440 1841 solvere
1471 1813 1612 1841 unum
1643 1800 1807 1842 bovem
1838 1803 2009 1840 macta·
2023 1821 2060 1847 20

314 1871 449 1912 bilem
470 1871 706 1921 triennem,
729 1886 863 1926 quern
883 1872 1062 1921 bovem,
1084 1871 1121 1913 si
1140 1885 1230 1912 non
1250 1875 1433 1926 possent
1455 1871 1575 1920 dare,
1597 1875 1764 1912 extunc
1785 1871 2009 1912 solverent

314 1943 535 1984 florenum
563 1957 719 1992 unum,
749 1943 954 1984 similiter
982 1947 1026 1984 et
1055 1942 1131 1983 alii
1158 1956 1236 1997 per
1264 1942 1480 1983 ordinem.
1513 1942 1629 1983 Item
1658 1942 1703 1982 in
1732 1941 1832 1983 dica
1856 1940 2010 1983 Sancti

313 2013 543 2055 Michaelis
563 2014 801 2068 capitatim
821 2014 1048 2068 quaelibet
1069 2013 1206 2055 sessio
1225 2017 1406 2054 tenetur
1425 2013 1596 2054 solvere
1614 2013 1833 2054 florenum
1852 2026 2009 2061 unum,

314 2084 559 2138 inquilinus
604 2099 712 2126 vero
747 2085 936 2139 quilibet
979 2084 1185 2126 denarios
1218 2084 1380 2138 viginti
1420 2084 1633 2138 quinque.
1683 2084 1815 2132 Item,
1862 2083 1898 2124 si
1933 2082 2011 2137 qui

315 2156 575 2196 colonorum
604 2156 845 2197 habuerint
876 2155 1122 2210 quotannis
1150 2169 1256 2210 apes
1286 2154 1468 2196 floridas
1495 2155 1632 2208 vulgo
1656 2154 1767 2208 Ray,
1798 2158 2011 2195 tenentur
2025 2174 2061 2200 25

315 2239 369 2267 ex
395 2226 548 2267 decem
573 2240 664 2268 uno
688 2227 886 2268 alveario
911 2241 1050 2282 apum
1072 2240 1080 2276 ;
1113 2230 1157 2267 et
1194 2226 1230 2267 si
1265 2239 1355 2266 non
1379 2225 1621 2267 habuerint
1647 2225 1815 2274 decem,
1842 2228 2010 2266 extunc

316 2297 370 2338 de
399 2297 608 2338 omnibus
637 2298 844 2339 alveariis
884 2297 1127 2353 mel[liferis
1171 2297 1401 2352 te]nentur
1441 2297 1613 2338 solvere
1648 2295 1853 2337 denarios
1882 2295 2007 2337 duos.

318 2368 450 2416 Item,
482 2368 517 2409 si
548 2368 625 2423 qui
654 2369 896 2410 habuerint
922 2382 1100 2423 gregem
1125 2368 1292 2416 ovium,
1322 2371 1536 2409 tenentur
1566 2367 1611 2408 in
1641 2371 1862 2408 autumno
1904 2366 2011 2408 dare

319 2438 554 2493 [toti]dem,
592 2444 636 2480 et
670 2445 773 2494 post
798 2440 966 2481 festum
992 2439 1191 2480 Paschae
1215 2452 1383 2493 agnum
1413 2452 1556 2479 unum
1580 2443 1623 2480 et
1649 2451 1829 2479 caseum
1852 2451 2007 2478 unum.

318 2509 449 2559 Item,
475 2510 511 2550 si
533 2510 610 2564 qui
639 2511 880 2552 habuerint
903 2511 1058 2552 decem
1087 2510 1294 2565 p[orco]s‚
1323 2513 1537 2550 tenentur
1569 2509 1739 2550 solvere
1773 2508 2010 2549 annuatim
2027 2528 2062 2554 30

316 2593 501 2634 porcum
533 2595 702 2631 unum;
735 2581 771 2622 si
802 2587 957 2623 autem
986 2595 1077 2622 non
1108 2580 1349 2622 habuerint
1382 2580 1535 2621 decem
1566 2580 1621 2621 de
1651 2579 1835 2634 singulis
1865 2578 2011 2633 porcis

317 2652 564 2706 te[nentu]r
598 2652 769 2694 solvere
805 2652 1014 2693 denarios
1049 2652 1192 2701 duos;
1229 2651 1339 2692 item
1375 2650 1616 2692 sessionem
1651 2650 1870 2691 habentes
1904 2653 2009 2697 tres,

318 2725 531 2763 tenentur
551 2722 716 2764 falcare
737 2723 781 2764 in
801 2723 1083 2778 longitudine
1102 2722 1334 2776 octaginta
1347 2759 1429 2763 n-
1448 2726 1492 2763 et
1513 2725 1726 2762 tenentur
1745 2733 2012 2774 congregare

319 2795 362 2832 et
392 2791 675 2834 introducere
704 2807 755 2834 ac
784 2794 829 2834 in
857 2808 1000 2835 unum
1029 2793 1258 2834 collocare.
1291 2793 1408 2834 Item
1438 2792 1599 2833 foenile
1627 2791 1711 2832 sub
1739 2791 1938 2831 claustro
1966 2790 2011 2831 in

320 2862 509 2903 decursu
536 2863 662 2904 fluvii
690 2864 881 2905 Berekio
908 2868 1122 2905 tenentur
1150 2863 1392 2905 cumulare.
1424 2863 1541 2904 Item
1570 2866 1769 2902 aratores
1797 2861 1842 2902 in
1869 2861 2011 2915 Ugar—
2027 2882 2063 2908 35

320 2945 445 2985 zeges
474 2938 687 2974 tenentur
709 2935 948 2989 capitatim
966 2948 1092 2975 arare
1109 2948 1251 2975 unum
1268 2933 1486 2987 iugerum,
1507 2932 1711 2973 similiter
1727 2931 1771 2972 in
1789 2935 2011 2973 autumno

320 3015 461 3043 unum
499 3003 716 3057 iugerum,
756 3009 800 3046 et
838 3005 1058 3046 seminare
1096 3004 1151 3046 de
1187 3004 1355 3045 semine
1392 3002 1665 3044 monasterii.
1708 3003 1825 3043 Item
1863 3002 2012 3056 fruges

321 3072 564 3114 seminatas
588 3078 800 3116 tenentur
822 3080 990 3116 metere
1013 3075 1072 3116 ad
1094 3074 1274 3115 libitum
1298 3073 1440 3129 patris
1462 3072 1635 3128 prioris,
1659 3073 1731 3114 vel
1755 3073 1799 3113 in
1823 3072 2013 3113 circuitu

322 3143 596 3194 monasterii,
630 3145 702 3186 vel
734 3144 779 3185 in
812 3145 1089 3199 possessione
1122 3145 1310 3194 Maron;
1345 3144 1423 3193 ita,
1458 3147 1509 3184 ut
1544 3142 1760 3184 sessiones
1792 3143 2013 3184 habentes
