2209 3643
279 202 350 236 130
1059 192 1134 225 No.
1156 193 1204 233 96
1635 187 1710 241 [29.
1736 193 1847 238 Junii
1871 204 1967 239 1524

278 323 483 375 ferroque
518 321 751 362 vastabat.
789 320 889 374 Qua
923 333 968 360 re
1003 320 1301 370 Mahumetes,
1325 321 1500 362 abavus
1531 320 1777 376 Solymani,
1815 322 1893 377 qui
1925 323 1971 364 in

278 392 635 448 praesentiarum
665 390 820 432 Turcis
850 389 1058 444 imperat,
1091 395 1338 446 permotus,
1370 396 1422 433 ut
1452 391 1637 433 iniurias
1667 392 1970 442 ulcisceretur,

279 463 541 505 Danubium
589 461 813 503 transiens
861 461 1126 502 Valachiam
1174 462 1398 516 ingressus
1445 467 1527 504 est.
1579 463 1698 505 Huic
1745 477 1971 519 nusquam

278 533 502 588 Dragulus
520 532 728 574 occurrit.
750 531 1018 574 Deduxerat
1036 532 1157 574 enim
1175 547 1231 574 ex
1247 533 1380 587 agris,
1397 533 1600 589 vicisque
1617 534 1663 575 in
1681 534 1971 577 densissimas

280 604 415 645 silvas
437 603 679 658 paludibus
700 603 872 645 obsitas
891 617 983 645 non
1003 604 1150 645 solum
1170 604 1388 652 homines,
1411 605 1709 660 pecudesque,
1732 606 1810 648 sed
1831 606 1970 648 etiam
2009 625 2026 649 5

280 674 432 716 omnia
464 674 566 715 usui
598 674 864 722 necessaria,
899 674 978 724 ita,
1007 679 1058 716 ut
1091 675 1339 716 Turcarum
1372 677 1595 718 exercitus
1627 676 1822 726 aliunde,
1857 691 1972 732 quae

280 746 337 786 ad
364 745 538 786 victum
565 746 857 799 pertinerent,
886 750 1206 800 comportaret.
1238 746 1338 800 Ipse
1365 759 1471 788 vero
1498 747 1724 802 Dragulus
1751 748 1973 803 expeditis

279 816 452 871 aliquot
475 816 718 870 equitibus
743 820 883 858 noctu
904 817 1096 872 saepius,
1120 816 1319 859 interdiu
1340 817 1605 874 plerumque
1626 832 1706 873 per
1726 819 1972 868 aufractus,

279 887 577 940 tramitesque
612 893 745 930 notos
780 887 917 930 silvas
952 889 1280 944 egrediebatur,
1317 889 1575 945 multosque
1610 890 1858 931 Turcarum
1894 896 1973 932 aut

280 960 565 1015 pabulanteS,
603 964 683 1001 aut
718 959 894 1014 longius
930 961 987 1002 ab
1023 960 1201 1015 agmine
1235 960 1494 1002 recedentes
1529 961 1859 1016 intercipiebat,
1897 961 1974 1003 ali·
1992 978 2026 1004 10

280 1030 463 1086 quando
487 1029 599 1072 nihil
622 1030 771 1072 minus
796 1030 1036 1085 opinantes
1060 1032 1294 1074 universos
1319 1031 1680 1087 adgrediebatur,
1707 1032 1975 1075 interfectis-

281 1115 368 1156 que
393 1102 550 1143 multis
575 1101 717 1143 donec
742 1116 788 1144 se
815 1103 1086 1157 colligerent,
1114 1103 1159 1144 in
1184 1103 1322 1145 silvas
1347 1103 1512 1145 iterum
1536 1103 1803 1158 refugiebat,
1830 1117 1976 1159 neque

280 1174 459 1215 hostem
484 1172 640 1228 aequis
665 1173 1001 1216 conditionibus
1025 1174 1135 1216 inire
1160 1175 1379 1229 proelium
1405 1174 1714 1229 permittebat.
1742 1176 1975 1230 Quaprop-

281 1249 350 1286 ter
370 1244 668 1293 Mahumetes,
706 1259 809 1286 cum
844 1259 990 1300 neque
1023 1250 1327 1287 commeatum
1348 1245 1572 1287 exercitus
1592 1246 1793 1296 haberet,
1830 1259 1976 1301 neque

283 1316 533 1370 Dragulum
565 1316 690 1358 silvis
722 1316 944 1358 inclusum
978 1331 1080 1358 cum
1113 1317 1313 1358 maximo
1345 1329 1529 1359 suorum
1562 1317 1759 1372 periculo
1792 1316 1976 1373 adgredi
1993 1333 2027 1358 15

283 1387 493 1441 placeret,
530 1387 686 1429 multis
722 1401 777 1428 ex
812 1389 903 1430 suis
939 1388 1128 1436 amissis,
1165 1388 1260 1429 sine
1295 1388 1476 1443 praeda,
1514 1388 1608 1430 sine
1643 1388 1848 1438 victoria,
1885 1401 1976 1442 qua

282 1463 483 1507 venerat,
524 1459 666 1501 redire
705 1463 889 1501 coactus
928 1464 1009 1501 est.
1051 1461 1111 1501 At
1151 1459 1454 1501 Valachorum
1492 1459 1632 1515 reguli
1669 1464 1795 1501 metu
1832 1460 1976 1501 hostis

283 1529 461 1571 liberati
484 1529 767 1571 immemores
791 1530 848 1571 ab
872 1531 1072 1585 Dragulo
1095 1530 1294 1586 suscepti
1316 1531 1521 1572 beneficii
1543 1531 1588 1573 in
1612 1531 1799 1585 Draguli
1820 1545 1976 1573 necem

284 1601 533 1655 perniciosa
568 1600 753 1643 consilia
781 1601 954 1655 agitare
975 1608 1234 1657 coeperunt,
1257 1601 1468 1643 militiam
1503 1602 1770 1651 detrectare,
1806 1602 1975 1644 Turcas

285 1672 510 1721 extollere,
571 1673 758 1726 Draguli
816 1673 938 1715 facta
995 1673 1257 1728 deprimere,
1318 1673 1557 1715 victoriam
1614 1672 1976 1727 perniciosiorem
2001 1687 2037 1713 20

285 1742 530 1797 aliquando
548 1743 797 1786 victoribus
817 1758 954 1799 quam
973 1744 1106 1786 victis
1125 1745 1328 1787 futuram
1347 1744 1619 1799 praedicare,
1641 1744 1810 1785 Turcas
1828 1745 1983 1786 hostes

287 1814 511 1856 affirmare
546 1815 642 1869 pati
669 1829 760 1856 non
783 1829 927 1870 posse,
953 1829 1056 1857 cum
1079 1815 1148 1856 his
1172 1815 1329 1857 foedus
1352 1815 1491 1857 etiam
1514 1815 1726 1868 vectigali
1749 1815 1984 1870 proposito

286 1885 534 1927 ineundum
555 1886 792 1928 decernere
814 1900 822 1935 ;
858 1892 1017 1929 contra
1039 1887 1279 1941 Dragulus,
1303 1900 1358 1928 ne
1379 1899 1536 1941 pacem
1559 1899 1585 1926 a
1606 1886 1739 1927 victis
1761 1890 1983 1940 peterent,

285 1956 486 2005 suadere,
509 1970 555 1998 se
576 1970 748 2012 suaque
770 1958 906 1999 armis
927 1957 1234 2006 defenderent,
1259 1958 1305 1998 in
1325 1957 1536 1998 libertate
1557 1956 1778 2005 viverent,
1803 1970 1983 2011 persua-

287 2027 390 2068 dere
425 2032 630 2077 conatur,
667 2028 861 2083 denique
896 2029 1021 2070 nullo
1056 2028 1192 2070 modo
1227 2042 1273 2070 se
1308 2028 1494 2070 vivente
1528 2028 1684 2069 Turcis
1718 2027 1984 2069 Valachiam
1999 2040 2034 2066 25

287 2098 554 2153 vectigalem
581 2112 819 2154 passurum
845 2099 1004 2141 dicere.
1034 2100 1246 2154 Dumque
1272 2099 1317 2140 in
1343 2113 1395 2140 ea
1420 2098 1630 2154 opinione
1656 2099 1930 2153 persisteret,
1958 2111 1985 2139 a

290 2169 472 2224 Regulis
496 2184 574 2224 per
597 2170 782 2211 insidias
817 2171 1131 2219 obtruncatur,
1167 2175 1306 2225 atque
1330 2170 1376 2211 in
1400 2170 1494 2212 eius
1517 2170 1666 2211 locum
1690 2169 1803 2211 alius
1827 2169 1984 2210 subro-

288 2245 432 2293 gatur.
456 2241 541 2282 Hic
559 2255 711 2282 annuo
729 2241 940 2297 vectigali
958 2242 1190 2296 proposito
1208 2241 1446 2283 duodecim
1464 2241 1646 2282 milibus
1664 2240 1809 2282 aureis
1826 2253 1984 2295 pacem

290 2311 347 2352 ab
385 2311 541 2353 Turcis
579 2317 805 2354 mercatus
844 2318 942 2363 est;
982 2313 1111 2354 liberi
1148 2326 1255 2354 vero
1294 2312 1495 2367 Draguli,
1535 2311 1759 2366 multique
1796 2325 1852 2352 ex
1889 2310 1984 2352 eius

291 2381 486 2423 factione
531 2383 589 2424 ad
634 2384 828 2425 Turcam
874 2383 1199 2438 transfugiunt,
1248 2397 1273 2424 a
1319 2397 1409 2438 quo
1454 2382 1726 2438 perbenigne
1770 2380 1981 2436 suscepti,
1998 2394 2034 2420 30

290 2452 526 2507 vitamque
544 2454 837 2496 christianam
868 2454 1072 2510 permissi
1090 2455 1265 2504 ducere,
1284 2468 1391 2495 nam
1408 2454 1454 2495 hi
1471 2467 1562 2495 non
1580 2458 1708 2495 erant
1725 2451 1982 2500 scismatici,

291 2523 369 2564 sed
389 2524 611 2566 catholici.
634 2526 695 2567 At
716 2526 904 2567 Valachi
924 2526 1048 2567 nullo
1067 2530 1194 2567 statu
1215 2525 1433 2574 contenti,
1455 2538 1601 2579 neque
1621 2524 1761 2572 illum,
1784 2536 1919 2578 quem
1939 2522 1985 2563 in

293 2593 517 2636 demortui
555 2595 703 2637 locum
743 2602 1002 2651 posuerant,
1043 2596 1215 2638 diutius
1256 2610 1441 2650 regnare
1478 2595 1601 2650 passi
1638 2599 1776 2644 sunt;
1816 2593 1895 2635 sed
1932 2606 1984 2634 eo

294 2664 545 2713 interfecto,
582 2680 683 2708 curn
718 2666 763 2707 in
797 2667 1033 2722 deligendo
1067 2667 1268 2722 principe
1301 2680 1391 2708 non
1426 2665 1764 2713 concordarent,
1799 2678 1893 2705 rem
1926 2663 1985 2704 ad

292 2734 485 2776 Turcam
513 2736 786 2780 detulerunt.
818 2739 896 2780 Ille
923 2752 1030 2780 vero
1057 2752 1198 2779 unum
1225 2752 1280 2780 ex
1306 2738 1388 2787 his,
1417 2737 1495 2792 qui
1520 2737 1579 2778 ad
1605 2750 1707 2777 eum
1732 2734 1983 2788 transfuge-
2000 2747 2035 2772 25

294 2809 412 2854 rant,
449 2805 662 2857 instituit,
698 2822 749 2849 ac
784 2814 1006 2864 tanquam
1040 2823 1182 2850 unum
1216 2823 1271 2850 ex
1305 2808 1544 2863 praefectis
1577 2806 1824 2860 insignibus
1858 2817 1985 2859 prae—

295 2875 494 2917 fecturae
533 2877 826 2920 honestatum
866 2880 911 2921 in
950 2880 1231 2935 provinciam
1270 2879 1332 2920 ire
1370 2878 1509 2926 iubet,
1551 2875 1892 2929 constituitque,
1933 2879 1984 2916 ut

296 2946 463 2986 nemini
489 2947 731 2990 Valachiae
760 2950 1007 3005 principem
1036 2964 1130 2991 esse
1158 2950 1323 2998 liceret,
1352 2948 1438 2990 nisi
1466 2961 1600 3002 quem
1628 2950 1709 2987 aut
1737 2945 1831 3000 ipse
1858 2944 1984 2986 insti-

297 3019 457 3064 tueret,
499 3022 578 3059 aut
617 3019 828 3060 Valachis
867 3021 1136 3075 eligentibus
1175 3020 1474 3061 confirmaret.
1516 3017 1657 3058 Addit
1696 3016 1890 3070 insuper,
1932 3020 1983 3056 ut

297 3085 505 3137 quotiens
547 3088 986 3145 Constantinopolim
1028 3091 1179 3132 venire
1220 3090 1408 3138 iuberet,
1452 3088 1498 3129 id
1538 3087 1633 3128 sine
1674 3100 1813 3135 mora,
1857 3086 1983 3127 velut
1999 3098 2036 3124 40

297 3155 488 3198 aliarum
514 3159 848 3212 provinciarum
875 3161 1106 3215 praefecti,
1142 3162 1335 3209 faceret;
1368 3172 1457 3213 quo
1489 3158 1664 3199 factum
1696 3161 1778 3206 est,
1800 3161 1852 3198 ut
1873 3170 1986 3212 pene
