2912 4368
419 741 475 766 22.
499 731 630 765 Martii
660 727 768 779 1534}
1180 733 1252 765 No.
1282 744 1349 777 107
2041 744 2111 777 237

1213 885 1311 925 197.

939 995 1141 1048 Fogc‘iras,
1175 1008 1241 1036 22.
1276 997 1436 1036 illarlz'i'
1471 1009 1593 1049 1534.

482 1086 682 1135 Stephani
719 1085 887 1135 Maylad
923 1085 1131 1122 vaivodae
1168 1086 1494 1136 'l‘ransylxwiniae
1530 1087 1774 1124 deliberatio
1811 1087 2035 1125 iudiciaria.

563 1186 751 1226 Donata>
806 1189 935 1239 snper
980 1185 1099 1225 tertia
1145 1190 1264 1239 parta·
1300 1186 1568 1227 lnn'cronasns
1616 1187 1658 1227 in
1704 1187 1858 1228 Szlcm'c
1901 1188 2110 1229 boz'cmnis

385 1277 400 1301 ς,
418 1255 617 1296 Staazcz'nl
647 1257 695 1296 dc
723 1255 867 1297 δίτονα

563 1364 656 1405 Nos
687 1363 944 1417 Stephanus
974 1363 1139 1403 Mailad
1176 1364 1371 1405 vaivoda
1403 1365 1762 1406 'l'ranssilvaniae
1795 1370 1837 1406 et
1862 1365 2111 1407 Siculorum

418 1448 566 1476 comes
603 1439 687 1475 etc.
728 1434 969 1475 Memoriae
1007 1435 1377 1476 commendamus
1415 1441 1569 1477 tenore
1606 1437 1910 1490 praesentium
1948 1437 2111 1491 signiti—

418 1510 585 1553 cantes,
631 1505 795 1559 quibus
838 1505 1021 1558 expedit
1079 1506 1313 1550 universis,
1360 1508 1463 1560 (luia
1508 1508 1636 1547 nobis
1680 1508 1788 1548 feria
1833 1508 1967 1549 tertia
2009 1513 2110 1562 post

417 1578 583 1618 festum
618 1576 748 1617 Beati
784 1576 982 1630 Gregorii
1019 1591 1164 1631 papae
1199 1577 1400 1631 proxime
1442 1578 1751 1632 praeteritum,
1799 1578 1869 1619 die
1902 1579 2109 1619 videlicet

363 1667 396 1691 io
417 1647 732 1689 celebrationis
754 1647 869 1688 sedis
892 1655 1072 1688 nostrae
1095 1648 1366 1693 iudiciariae,
1391 1649 1459 1689 liic
1484 1650 1526 1689 in
1551 1649 1717 1703 oppido
1740 1657 1893 1689 nostro
1919 1651 2111 1704 Fogaras

418 1718 628 1760 celebrari
664 1719 836 1765 solitae,
873 1732 1068 1759 unacum
1107 1731 1155 1759 12
1192 1720 1462 1760 boei-‹mibus
1497 1720 1654 1761 iuratis
1688 1720 1866 1768 nostris,
1903 1721 2110 1761 videlicet

417 1789 643 1831 nobilibus
674 1789 911 1830 Salomone
946 1790 1000 1830 de
1035 1790 1247 1835 Yenecze.
1284 1790 1465 1831 Adowir
1498 1792 1551 1832 de
1587 1791 1716 1840 wad,
1739 1792 1854 1832 Ztan
1886 1792 2112 1840 Salomon,

419 1862 537 1915 Opre
571 1860 701 1901 Peru]
735 1861 789 1901 de
824 1861 958 1909 lelne,
992 1861 1235 1901 Ztanislaw
1269 1862 1322 1902 de
1358 1862 1512 1909 Ix'ecze,
1547 1864 1663 1903 Ztan
1696 1863 1873 1918 Mayres
1906 1863 1959 1903 de
1988 1864 2111 1917 Jaas,

415 1932 585 1973 Saczko
628 1932 681 1973 de
725 1931 995 1979 Eettlehem,
1044 1932 1191 1972 Radul
1236 1933 1289 1972 de
1334 1932 1451 1980 Liza,
1499 1934 1670 1975 Komsa
1714 1933 1767 1973 de
1811 1934 2110 1982 Bessenbach,

365 2024 400 2050 15
416 2003 590 2044 Sandor
624 2003 678 2044 de
714 2002 875 2047 Wisdt,
910 2002 1121 2043 Salomon
1158 2003 1211 2043 de
1248 2003 1370 2055 Drag
1404 2009 1445 2044 et
1484 2004 1640 2059 Ganye
1675 2004 1729 2045 de
1764 2004 1976 2045 Ludissor
2011 2019 2112 2045 con-

419 2073 592 2115 stitutis
637 2079 679 2115 et
726 2073 1040 2120 existentibus,
1087 2087 1136 2113 ac
1182 2087 1261 2127 pro
1285 2075 1488 2115 faciendo
1511 2075 1804 2116 causantibus
1830 2076 2112 2116 moderativo

419 2145 583 2186 iudicio
621 2159 701 2199 pro
738 2144 955 2185 tribunali
993 2144 1340 2186 consedentibus
1378 2145 1493 2186 inter
1531 2147 1639 2187 alios
1677 2152 1914 2187 causantes
1951 2147 2113 2188 nobilis

420 2216 538 2270 Opre
566 2216 740 2257 Kluche
765 2215 916 2256 boiero
943 2220 1094 2256 noster
1119 2221 1320 2257 nostram
1347 2216 1625 2258 iudiciariam
1652 2231 1892 2271 exsurgens
1918 2217 1961 2258 in
1987 2232 2111 2272 prae-

420 2287 612 2328 sentiam
643 2292 880 2341 praesente.
927 2286 1092 2327 ibidem
1138 2292 1180 2327 et
1226 2288 1520 2341 personaliter
1564 2294 1744 2329 astante
1788 2288 1926 2329 nobili
1970 2289 2111 2330 Zkore

363 2358 650 2404 202tanchw1
699 2357 989 2398 consimiliter
1025 2358 1234 2398 boierone
1270 2363 1425 2399 nostro
1461 2363 1617 2400 contra
1655 2359 1846 2400 eundem
1884 2360 2112 2401 confessus

419 2434 485 2470 est
517 2428 597 2470 tali
627 2428 790 2469 modo:
825 2428 1053 2482 quomodo
1083 2429 1265 2469 tertiam
1295 2434 1472 2483 partem
1502 2430 1792 2471 boieronatus
1821 2430 2112 2485 possessionis

418 2504 598 2541 nostrae
628 2499 769 2540 Zkore
799 2504 990 2540 vocatae
1020 2513 1097 2553 per
1125 2499 1347 2553 genitores
1378 2514 1480 2541 suos
1510 2500 1619 2541 alias
1649 2501 1731 2555 ipsi
1762 2502 1993 2542 Ztanchwl
2031 2515 2111 2555 pro

418 2585 494 2612 sex
532 2570 710 2612 florenis
748 2570 1098 2625 impignoratam
1137 2571 1445 2612 redimendam
1485 2571 1633 2619 vellet,
1674 2572 1750 2613 sed
1788 2572 2017 2613 Ztanchw]
2057 2572 2111 2613 de

418 2642 560 2683 Zkore
605 2641 817 2689 nescitur,
865 2655 956 2695 qua
1001 2641 1268 2682 ratione„-
1301 2655 1345 2682 se
1392 2642 1591 2683 indebite
1650 2644 1972 2691 conservando,
2021 2656 2110 2697 quo

364 2733 399 2758 25
419 2712 575 2754 audito
609 2712 841 2767 praetatus
875 2712 1106 2753 Ztanchwl
1145 2712 1416 2766 [declaravit]
1441 2727 1494 2753 ex
1519 2714 1721 2761 adverso,
1758 2714 1951 2767 qualiter
1984 2728 2109 2768 prae-

418 2783 540 2824 dicta
570 2783 705 2824 tertia
735 2796 838 2836 pars
869 2783 1158 2824 boieronatus
1189 2797 1290 2837 erga
1323 2784 1471 2837 ipsum
1503 2796 1591 2824 non
1624 2784 1758 2825 titulo
1790 2784 2000 2839 pignoris,
2034 2785 2110 2826 sed

418 2854 510 2895 iure
549 2859 769 2908 perpetuo
808 2858 963 2908 empta
1002 2854 1256 2902 haberetur,
1298 2868 1400 2908 ergo
1439 2868 1527 2895 non
1569 2855 1768 2896 indebite
1808 2861 2107 2903 conservaret,

418 2938 496 2965 nec
536 2925 764 2966 remittere
803 2929 1046 2972 teneretur,
1085 2925 1205 2978 quod
1246 2925 1338 2979 ipse
1377 2924 1602 2966 sufficiens
1640 2926 1900 2968 testimonio
1938 2926 2107 2967 valeret

419 2996 707 3049 conprobare.
738 2996 808 3036 Ad
837 3009 974 3049 quam
1003 2995 1185 3049 quidem
1214 2996 1615 3050 conprobationem
1644 2996 1977 3038 admittendam
2007 3011 2108 3038 cum

365 3086 399 3111 30
418 3066 656 3107 duodecim
676 3066 827 3120 probis
848 3071 891 3107 et
912 3066 1113 3107 honestis
1133 3067 1405 3113 hominibus,
1427 3071 1477 3107 ut
1499 3072 1625 3121 puta,
1648 3067 1807 3109 Ztroza
1843 3068 2106 3116 Kerlissora,

419 3136 575 3178 Wazul
598 3137 652 3178 de
675 3138 834 3191 ArpaS,
861 3137 1032 3178 Barbat
1056 3138 1110 3178 de
1135 3137 1324 3191 Dragus,
1350 3137 1467 3191 Opre
1491 3138 1545 3178 de
1569 3138 1743 3192 Woyla‚
1768 3138 1945 3193 Ztoyka
1968 3139 2109 3180 Pacas

418 3207 472 3248 de
504 3208 674 3256 eadem,
708 3208 836 3249 Zinte
868 3208 922 3249 de
954 3207 1125 3256 eadem,
1159 3208 1321 3249 Balota
1354 3208 1407 3249 de
1440 3208 1581 3263 Dnvd,
1617 3209 1796 3249 Koman
1828 3210 1882 3251 de
1906 3210 2106 3264 Hahayr‚

420 3278 599 3319 Kornan
622 3278 699 3332 [de]
721 3278 957 3327 Zombata,
978 3278 1125 3319 Mikus
1144 3279 1197 3319 de
1218 3279 1435 3326 Posorita,
1471 3279 1592 3319 Iwan
1625 3279 1678 3319 de
1699 3280 1889 3328 Rwrsor,
1917 3280 2108 3334 Byrchw

418 3349 471 3389 de
498 3349 733 3403 Berywoy,
762 3349 993 3389 Ztanchwl
1009 3349 1063 3390 de
1079 3349 1234 3389 eadem
1263 3354 1305 3390 et
1335 3350 1514 3403 insuper
1541 3349 1669 3390 iuxta
1696 3355 1897 3390 nostram
1926 3350 2108 3391 iudicia-

362 3438 398 3463 35
417 3418 528 3460 riam
550 3420 919 3460 deliberationem
946 3434 1047 3460 cum
1075 3420 1361 3474 septimomet
1391 3434 1434 3460 se
1473 3420 1705 3468 similibus,
1746 3420 1953 3462 videlicet
1993 3421 2106 3462 Ztan

418 3490 593 3544 Mayres
621 3490 674 3531 de
699 3490 822 3543 Jaas,
847 3490 1007 3545 Ganya
1029 3490 1083 3531 de
1112 3490 1337 3538 Ludissor,
1363 3490 1511 3531 Kinde
1540 3491 1593 3531 de
1615 3491 1770 3537 ZRore,
1796 3491 2024 3532 Kereriola
2053 3492 2106 3533 de

418 3560 588 3608 eadem,
622 3561 797 3601 Thoma
830 3560 1029 3601 Holubol
1064 3561 1117 3601 de
1151 3561 1322 3608 eadem,
1357 3561 1484 3602 Berle
1518 3561 1571 3601 de
1605 3562 1761 3602 eadem
1795 3566 1838 3602 et
1872 3562 2019 3616 Gugul
2054 3562 2107 3603 de

418 3630 557 3671 Zkore
579 3644 711 3684 super
733 3631 889 3671 eadem
912 3631 1096 3685 praevia
1118 3631 1403 3685 responsione
1426 3645 1506 3672 sua
1529 3631 1834 3672 iuramentum
1858 3633 2105 3686 praestavit

418 3713 566 3741 coram
601 3701 742 3741 nobis.
782 3702 969 3755 Insuper
1003 3701 1304 3755 significatum
1339 3711 1404 3743 est
1440 3702 1569 3743 nobis
1603 3702 1893 3756 possessionis
1927 3707 2107 3744 nostrae

2141 1609 2148 1627 1

2157 1609 2184 1637 7.
2211 1599 2297 1627 iim.
