2209 3643
176 221 237 255 31.
260 210 357 257 Julii
380 205 490 259 1536]
938 209 1011 244 No.
1036 215 1113 242 220⁴
1806 204 1876 247 265

178 342 329 385 vellet.
356 340 638 396 Scepusiensi
666 344 821 382 autem
849 353 986 395 penes
1013 340 1098 382 hoc
1126 339 1270 381 Maria
1297 343 1341 381 et
1371 341 1548 379 montes
1576 334 1876 392 promittebat

178 418 223 456 et
252 413 297 455 in
325 412 623 467 vilipendium
663 404 744 452 Mtis
772 411 863 452 Ψ“’“
892 411 1038 452 multa
1078 411 1264 465 indigna
1302 408 1549 457 nuntiavit,
1592 421 1643 450 ac
1683 406 1877 461 dignita-

179 489 272 527 tem
305 488 351 526 et
383 487 558 525 statum
592 475 674 524 Mtis
709 482 799 524 Vrae
834 482 1084 537 depressit;
1136 487 1291 524 tamen
1342 479 1541 522 vaivoda
1584 492 1675 521 non
1708 476 1878 520 curatis

178 556 312 598 unius
343 558 388 596 et
433 553 618 596 alterius
667 552 1040 609 promissionibus
1089 558 1245 608 gentes
1296 556 1455 594 contra
1499 550 1603 592 Mwm
1635 550 1737 591 Vmm
1770 548 1878 590 dare

142 625 418 669 sreeusavit.
451 625 564 668 Cum
594 625 679 666 hoc
707 623 1130 666 Transsilvanenses
1159 629 1204 666 et
1233 621 1520 677 Transalpini
1551 620 1876 663 intellexissent

178 698 264 753 ipsi
290 710 472 753 quoque
496 700 654 751 gentes
679 695 787 737 dare
814 695 1109 737 reluctarunt.

322 769 436 811 Cum
463 766 662 809 vaivoda
688 766 1009 808 Moldaviensis
1036 766 1154 808 inter
1180 770 1380 808 caeteros
1407 768 1635 806 tractatus
1661 763 1717 805 de
1743 775 1877 817 expe·

175 839 347 882 ditione
376 839 422 880 in
450 837 836 880 Transsilvaniam
875 838 1039 887 fienda,
1081 837 1150 879 uti
1178 851 1224 879 se
1253 842 1298 879 et
1328 835 1504 885 litteris,
1535 839 1580 877 et
1609 833 1782 876 nuntiis
1810 827 1876 875 Mti

174 911 263 953 Vme
288 909 471 958 obtulit,
497 909 628 964 plura
663 908 876 958 tractavi,
912 909 990 964 qui
1015 908 1125 950 mihi
1161 907 1409 963 respondit,
1436 920 1594 948 verum
1619 919 1728 955 esse,
1754 905 1877 960 quod

121 992 158 1019 10
176 981 235 1024 ad
268 979 375 1023 Mtem
410 981 513 1022 Vram
560 979 683 1021 misit
735 979 948 1021 nuntium
1005 980 1134 1034 eique
1189 979 1444 1035 promiserit
1491 977 1876 1019 Transsilvaniam

175 1053 221 1095 in
252 1055 531 1108 potestatem
563 1050 653 1092 Vrae
685 1043 766 1092 M²³S
797 1051 1009 1105 redigere,
1063 1050 1186 1105 quod
1217 1055 1262 1092 et
1295 1050 1424 1092 facile
1474 1048 1568 1090 fieri
1619 1048 1873 1103 potuisset;

175 1124 220 1166 in
246 1127 472 1179 quantum
497 1121 724 1165 Cibinium
748 1135 839 1163 non
865 1126 981 1163 esset
1007 1122 1285 1170 ammissum,
1312 1121 1391 1170 ita,
1418 1124 1468 1162 ut
1495 1124 1602 1161 ante
1626 1120 1875 1161 ammissio-

174 1209 277 1237 nem
310 1194 427 1236 illius
458 1192 673 1235 Maiestas
703 1193 775 1234 Vra
806 1206 888 1234 nos
920 1192 1126 1234 misisset.
1175 1193 1272 1233 Iam
1317 1205 1423 1234 vero
1455 1191 1668 1233 ammisso
1700 1191 1875 1233 Cibinio

175 1265 404 1307 difficilius
420 1269 488 1307 est
504 1264 831 1320 profectionem
856 1264 901 1305 in
916 1264 1302 1306 Transsilvaniam
1327 1262 1552 1318 prosequi,
1578 1276 1634 1303 ex
1659 1275 1725 1311 eo,
1752 1261 1876 1317 quod

122 1346 157 1373 15
175 1337 325 1392 plures
348 1336 516 1378 habeat
540 1335 626 1377 sibi
649 1335 854 1377 inimicos
876 1348 882 1376 :
920 1335 1129 1384 Turcam,
1166 1335 1394 1383 Tartaros,
1419 1347 1568 1388 regern
1593 1333 1806 1375 Poloniae
1830 1337 1875 1375 et

178 1407 502 1455 Ioannembek,
539 1406 717 1448 illarum
750 1406 983 1461 potentiae
1021 1406 1116 1447 sine
1153 1405 1336 1460 speciali
1362 1404 1530 1446 auxilio
1556 1404 1761 1459 gentium
1786 1404 1876 1445 Vrae

175 1479 247 1521 vel
269 1479 511 1521 Caesareae
531 1470 612 1519 Mtis
632 1477 837 1519 resistere
870 1491 960 1518 non
989 1476 1144 1532 possit,
1179 1476 1390 1525 maxime,
1412 1475 1449 1516 si
1468 1475 1637 1517 bellurn
1659 1475 1875 1530 inciperet

175 1563 308 1592 nemo
344 1550 384 1591 ei
418 1548 652 1603 suppetias
700 1548 849 1597 ferret,
887 1548 1103 1602 quoniam
1152 1547 1365 1589 Maiestas
1400 1546 1471 1588 Vra
1507 1559 1534 1587 a
1568 1550 1772 1601 tempore
1807 1546 1876 1588 sui

175 1620 403 1675 regiminis
431 1619 490 1661 ad
517 1619 776 1674 frequentes
809 1632 912 1660 suas
941 1618 1193 1660 oblationes
1220 1618 1441 1659 hactenus
1468 1617 1614 1659 nullas
1642 1617 1876 1673 suppetias

119 1701 161 1728 20
176 1691 283 1733 tulit
305 1705 314 1741 ;
341 1690 634 1732 nihilominus
667 1689 915 1731 dummodo
952 1689 1166 1731 Maiestas
1191 1689 1263 1730 Vra
1289 1689 1463 1743 aliquot
1490 1688 1614 1729 milia
1638 1688 1875 1730 hominum

176 1763 262 1804 hoc
279 1775 399 1804 anno
417 1761 475 1803 ad
491 1761 573 1802 has
590 1765 756 1816 partes,
776 1774 892 1816 quae
910 1760 954 1802 in
972 1761 1066 1802 eius
1083 1760 1335 1802 subsidium
1353 1764 1474 1809 eant,
1493 1759 1668 1809 mittat,
1686 1763 1875 1815 paratus

177 1838 259 1883 est,
280 1833 449 1875 nedum
466 1831 852 1873 Transsilvaniam
872 1845 1105 1886 occupare,
1125 1845 1284 1873 verum
1303 1830 1442 1873 etiam
1461 1830 1656 1872 ditiones
1674 1835 1719 1872 et
1738 1844 1875 1886 regna

176 1905 426 1946 Turcarum
458 1903 659 1945 Caesaris
690 1902 813 1945 omni
843 1916 926 1944 sua
955 1902 1164 1957 potentia
1193 1902 1365 1944 viribus
1396 1905 1441 1943 et
1472 1901 1654 1956 propria
1684 1915 1876 1957 persona

177 1974 359 2030 aggredi
388 1978 432 2016 et
462 1967 529 2015 Mti
557 1974 650 2015 Vrae
680 1987 731 2016 ac
761 1973 849 2015 toti
889 1973 1213 2015 christianitati
1253 1973 1431 2015 servire.
1475 1972 1622 2014 Multa
1662 1972 1801 2014 etiam
1831 1977 1875 2014 et

122 2057 159 2082 25
177 2046 362 2101 quidem
388 2044 583 2100 plurima
609 2044 654 2086 in
679 2045 796 2086 hanc
822 2058 916 2086 rem
942 2044 1192 2086 necessaria
1217 2044 1372 2086 retulit
1399 2043 1730 2098 consuluitque,
1757 2056 1874 2099 quae

178 2117 392 2159 Maiestas
417 2116 488 2157 Vra
514 2129 595 2157 suo
621 2120 825 2170 ternpore
860 2115 1093 2170 intelliget.

325 2188 489 2242 Itaque
538 2186 583 2228 in
633 2186 863 2228 redeundo
901 2199 926 2227 a
963 2186 1176 2228 Moldavo
1225 2185 1330 2227 veni
1379 2185 1437 2227 ad
1486 2188 1635 2227 castra
1671 2178 1752 2227 Mtis
1789 2185 1877 2227 Vrae

179 2259 338 2300 Huzth
371 2262 416 2300 et
461 2258 681 2299 Munkacs
727 2256 886 2299 videns
933 2256 1214 2299 adversarios
1260 2256 1441 2311 penitus
1480 2255 1627 2298 nullas
1673 2256 1877 2298 inducias

178 2343 371 2379 servare,
394 2328 473 2370 sed
496 2327 723 2370 hostiliter
759 2332 803 2370 et
842 2332 1000 2382 aperto
1037 2328 1183 2369 Marte
1220 2327 1266 2368 in
1291 2327 1443 2369 fideles
1469 2320 1549 2369 Mtis
1574 2328 1663 2369 Vme
1688 2327 1875 2369 saevire.

122 2409 159 2436 30
179 2401 295 2442 Tum
333 2413 452 2455 aqua
487 2399 638 2441 Ticiae
674 2403 950 2441 excreverat.
990 2399 1198 2441 Vaivoda
1234 2398 1389 2440 volens
1426 2402 1601 2440 certum
1637 2411 1877 2440 numerum

178 2471 340 2513 salium
381 2484 461 2526 per
501 2470 731 2512 Tibiscum
761 2470 916 2512 Turcis
957 2470 1263 2519 vendendum,
1297 2469 1376 2524 qui
1410 2469 1498 2511 illic
1540 2483 1642 2511 cum
1685 2469 1877 2524 pecunia

180 2542 385 2591 aderant,
418 2541 647 2584 dimittere
678 2542 737 2584 ad
767 2555 907 2583 naves
938 2540 1035 2582 illas
1067 2541 1188 2590 irrui,
1220 2545 1265 2582 et
1297 2545 1475 2596 partem
1506 2540 1684 2582 illorum
1714 2540 1877 2582 salium

180 2613 227 2655 vi
264 2617 309 2654 et
349 2617 527 2654 armata
565 2627 705 2655 manu
743 2612 912 2668 arripui
962 2611 1150 2666 illosque
1195 2611 1240 2653 in
1280 2610 1493 2653 Nemethi
1531 2610 1732 2666 deposui,
1773 2625 1877 2653 cum

180 2683 354 2739 reliqua
382 2688 513 2738 parte
542 2684 704 2725 salium
735 2683 1039 2738 auffugerunt.

125 2763 162 2789 ³5
327 2755 579 2803 Praeterea,
601 2769 742 2809 quum
761 2754 913 2796 hostes
932 2753 1134 2808 undique
1151 2752 1320 2808 passim
1339 2753 1384 2794 in
1403 2752 1613 2794 dominiis
1631 2756 1675 2794 et
1695 2751 1877 2794 ditioni-

181 2825 267 2866 bus
302 2818 383 2866 Mtis
418 2825 507 2866 Vrae
543 2839 634 2867 non
671 2825 764 2867 sine
812 2824 1013 2866 maxima
1061 2824 1236 2865 iactura
1283 2828 1327 2865 et
1376 2823 1544 2865 damno
1594 2823 1795 2865 eiusdem
1831 2827 1876 2864 et

183 2909 367 2937 suorum
399 2895 599 2937 fidelium
632 2896 817 2938 castella
850 2899 1099 2944 erexerant,
1134 2894 1292 2936 habito
1325 2899 1486 2936 mutuo
1519 2907 1621 2935 cum
1654 2893 1877 2936 Huztensi

183 2970 228 3007 et
267 2966 601 3008 Munkacsiensi
645 2970 863 3014 tractatu,
910 2979 991 3021 pro
1035 2965 1294 3007 defensione
1339 2964 1642 3006 dominiorum
1675 2958 1755 3006 Mtis
1787 2964 1876 3006 Vrae

184 3049 326 3077 unum
360 3037 595 3079 castellum
629 3037 688 3078 ad
720 3037 938 3078 Zathmar
971 3035 1185 3078 Nemethi
1218 3049 1516 3084 erexeramus,
1551 3035 1750 3077 vaivoda
1782 3035 1876 3091 ipse

125 3117 167 3143 40
184 3105 349 3148 iunctis
371 3108 580 3149 omnibus
602 3108 775 3150 viribus
797 3112 842 3148 et
865 3106 1072 3162 potentia
1094 3120 1189 3155 sua,
1214 3106 1431 3148 adhibitis
1454 3106 1674 3148 machinis
1707 3106 1876 3148 bellicis

183 3189 274 3217 non
311 3177 406 3219 sine
441 3177 714 3219 servitorum
751 3191 954 3219 meorum
991 3177 1131 3226 clade,
1171 3190 1228 3218 ex
1263 3190 1354 3232 quo
1390 3177 1540 3219 nullae
1577 3177 1813 3233 suppetiae
1850 3190 1878 3218 a
