2209 3643
180 188 239 225 27.
261 179 356 213 Maii
392 172 504 228 1511]
963 177 1037 212 No.
1061 177 1107 223 78
1810 186 1882 220 103

180 308 362 363 aggredi
394 312 438 350 et
472 311 649 349 tentare
682 307 857 356 volunt,
892 311 942 349 ut
975 306 1144 349 scilicet
1192 306 1328 348 nullis
1361 306 1568 361 impediti
1600 306 1879 355 fluminibus,

180 380 298 421 sicco
325 379 499 428 itinere,
527 392 663 433 regna
691 383 847 420 nostra
874 378 1087 420 invadere
1114 378 1312 427 valeant,
1340 378 1464 432 quod
1490 377 1580 419 iam
1608 392 1634 419 a
1656 412 1663 419 .
1688 412 1696 419 .
1722 377 1882 432 .[fere]

181 450 311 492 annis
329 449 516 491 diversis
534 449 750 504 quaesitis
769 449 1091 498 occasionibus,
1112 449 1324 504 perficere
1342 453 1448 490 sunt
1467 449 1633 491 conati.
1655 449 1882 490 Hortatur

181 525 336 563 autem
367 535 448 562 nos
476 520 767 562 Serenissima
810 521 1010 562 fraterna
1053 520 1279 569 Maiestas,
1317 520 1528 562 dominus
1558 534 1636 561 rex
1669 520 1881 561 Poloniae

147 605 164 630 5
181 606 260 647 per
280 606 412 634 suum
435 596 675 640 oratorem,
692 605 811 633 nunc
827 591 950 646 apud
972 605 1055 633 nos
1072 596 1297 646 agentem,
1321 595 1372 632 ut
1394 591 1592 632 salutare
1613 595 1657 632 et
1680 604 1880 632 necessa-

181 663 299 704 rium
344 662 564 704 auxilium
609 662 879 711 Moldaviae,
924 676 1060 716 regno
1104 667 1273 711 nostro,
1319 667 1363 703 et
1408 662 1495 703 toti
1539 661 1878 711 christianitati,

181 738 359 775 mature
398 733 689 775 feramus...
733 733 881 774 Offert
918 733 1009 774 Sua
1047 733 1260 774 Maiestas
1297 733 1625 782 Sacratissima,
1666 747 1747 788 pro
1786 733 1880 774 zelo

180 804 452 846 christianae
489 804 714 859 religionis
751 818 796 845 se
834 804 879 845 in
916 804 1040 845 nullo
1077 804 1289 859 poenitus
1326 804 1601 845 defuturam.
1642 803 1880 845 Praefatus

182 889 288 917 vero
317 875 517 917 vaivoda
545 879 698 916 noster
727 875 1061 924 Moldaviensis‚
1093 889 1119 916 a
1148 875 1341 923 nemine,
1373 889 1511 929 quam
1541 889 1568 916 a
1597 875 1727 916 nobis
1756 874 1878 929 ipsis,

125 959 160 985 10
181 946 421 1001 dependet,
439 950 484 987 et
511 946 615 987 inde
641 946 861 987 auxilium
888 951 1198 1001 opportunum
1224 949 1459 1000 exspectat
1481 959 1489 995 ;
1518 946 1576 987 ob
1602 945 1725 1000 quod
1750 945 1880 986 nobis

180 1018 472 1059 vehementer
507 1017 748 1072 supplicat.
788 1018 851 1059 Ut
888 1022 1043 1058 autem
1080 1022 1260 1058 tantam
1296 1016 1648 1071 trepidationem
1684 1021 1729 1058 et
1766 1016 1880 1071 peri-

179 1089 331 1130 culum
354 1089 451 1129 Deo
473 1092 672 1137 auctore,
696 1102 722 1129 a
742 1088 889 1142 regnis
910 1087 1076 1129 nostris
1097 1088 1274 1142 abigere
1296 1092 1340 1129 et
1363 1087 1608 1142 propellere
1630 1087 1877 1136 valeamus,

178 1159 502 1201 constituimus
540 1173 630 1200 una
669 1173 772 1200 cum
811 1159 1006 1200 dominis
1044 1158 1257 1213 praelatis
1295 1163 1339 1199 et
1378 1158 1624 1200 baronibus
1662 1158 1795 1213 pleno
1833 1162 1878 1199 et

178 1231 354 1285 integro
372 1230 569 1279 consilio,
586 1235 637 1271 ut
654 1230 843 1284 quilibet
858 1235 1015 1284 gentes
1029 1243 1147 1277 suas,
1166 1243 1294 1284 quas,
1313 1229 1443 1271 iuxta
1460 1229 1628 1271 decreti
1646 1229 1879 1270 continen-

124 1313 164 1339 15
178 1301 292 1342 tiam
330 1306 484 1342 tenere
517 1305 561 1342 et
595 1305 780 1355 paratas
812 1301 991 1350 habere,
1026 1305 1070 1342 et
1105 1300 1397 1341 medietatem
1431 1314 1586 1341 earum
1619 1300 1678 1341 ad
1710 1300 1878 1341 festum

179 1372 350 1413 Beatae
391 1371 705 1426 Margarethae
758 1371 942 1426 virginis
995 1376 1039 1412 et
1092 1371 1306 1426 martyris
1357 1371 1562 1426 proxime
1614 1374 1874 1420 venturum,

179 1442 467 1484 Varadinum
499 1442 681 1483 mittere
714 1442 893 1491 debeat,
927 1442 1222 1484 medietatem
1253 1455 1359 1483 vero
1391 1441 1514 1483 domi
1545 1446 1793 1490 conservet,
1826 1447 1877 1484 ut

183 1527 455 1569 quocunque
499 1513 800 1555 necessarium
844 1513 994 1562 fuerit,
1039 1513 1177 1554 etiam
1222 1513 1344 1554 illam
1388 1513 1682 1554 medietatem
1725 1513 1878 1555 subito

185 1585 367 1626 mittere
403 1584 558 1639 possit.
599 1584 698 1625 Hoc
736 1589 890 1626 autem
927 1584 1137 1625 omnibus
1173 1583 1370 1625 statibus
1406 1597 1527 1625 nunc
1564 1583 1877 1639 praesentibus

127 1669 165 1694 20
185 1655 505 1704 commisimus,
546 1654 810 1696 absentibus
846 1660 1000 1696 autem
1029 1659 1074 1696 et
1117 1654 1214 1696 aliis
1243 1668 1422 1709 quoque
1465 1654 1757 1696 comitatibus
1799 1669 1878 1710 per

186 1726 351 1768 similes
385 1726 560 1768 litteras
595 1730 773 1767 nostras
809 1725 1175 1780 quamcelerrime
1209 1725 1565 1780 significavimus
1600 1726 1877 1780 Vestraeque

184 1797 457 1839 mandamus
491 1802 535 1839 et
571 1796 901 1838 committimus
936 1796 1167 1838 Fidelitati
1202 1796 1363 1838 harum
1398 1796 1508 1838 serie
1542 1796 1796 1838 firmissime
1830 1801 1875 1838 et

182 1869 266 1910 sub
299 1882 445 1924 poena
477 1868 523 1909 in
557 1868 737 1909 decreto
764 1881 998 1922 expressa;
1034 1872 1093 1915 et,
1128 1867 1163 1908 si
1197 1881 1278 1908 vos
1311 1881 1446 1908 causa
1479 1867 1797 1909 destructionis
1830 1872 1875 1909 et

184 1939 436 1981 amissionis
456 1938 591 1980 huius
611 1938 770 1994 inclyti
789 1939 913 1993 regni
933 1952 1026 1980 esse
1046 1952 1137 1980 non
1157 1938 1310 1987 vultis,
1332 1938 1455 1980 aliud
1474 1938 1619 1980 facere
1639 1952 1730 1979 non
1749 1952 1876 1993 prae-

130 2022 168 2049 25
182 2010 387 2060 sumatis,
407 2010 486 2052 sed
505 2010 689 2052 omnino
708 2009 1000 2051 medietatem
1019 2013 1273 2051 vestrarum
1290 2009 1495 2063 gentium
1515 2009 1573 2050 ad
1591 2008 1875 2064 praedictum

183 2081 303 2124 diem
333 2081 631 2130 Varadinum‚
664 2085 715 2122 ut
747 2081 1044 2136 praemissum
1076 2085 1157 2128 est,
1191 2079 1371 2121 mittere
1403 2079 1621 2128 debeatis,
1653 2084 1705 2121 ut
1737 2093 1791 2121 ex
1823 2094 1876 2121 eo

182 2152 294 2201 loco,
326 2166 598 2206 quocunque
627 2152 916 2193 commissum
946 2151 1095 2199 fuerit,
1115 2150 1208 2192 sine
1237 2164 1364 2192 mora
1392 2164 1437 2192 se
1466 2164 1646 2192 movere
1675 2150 1872 2192 valeant.

182 2223 508 2265 Ordinavimus
539 2227 693 2264 autem
724 2222 953 2264 hominem
986 2226 1205 2269 nostrum,
1240 2221 1317 2275 qui
1348 2221 1565 2263 Varadini
1596 2221 1798 2262 omnium
1829 2226 1874 2263 et

183 2294 460 2349 singulorum
490 2299 646 2349 gentes
674 2293 876 2335 revidere
905 2298 949 2335 et
979 2306 1204 2334 recensere
1234 2297 1277 2333 et
1309 2292 1454 2340 nobis,
1487 2292 1524 2333 si
1553 2292 1652 2346 quis
1681 2306 1875 2347 poenam

129 2376 166 2403 30
183 2364 352 2406 decreti
382 2365 632 2414 incurrerit,
664 2364 886 2406 veraciter
916 2364 1086 2406 deferre
1117 2363 1293 2404 debeat.
1328 2363 1574 2404 Confestim
1606 2368 1773 2411 autem,
1806 2363 1875 2404 his

182 2435 312 2477 malis
357 2440 401 2477 et
447 2435 706 2491 periculosis
752 2435 881 2477 novis
928 2433 1179 2482 intellectis,
1239 2433 1551 2488 expedivimus
1608 2434 1666 2475 ad
1722 2439 1875 2488 partes

182 2506 427 2555 inferiores,
475 2506 630 2549 fideles
676 2511 854 2548 nostros
898 2505 1176 2560 Spectabiles
1223 2518 1272 2545 ac
1320 2504 1584 2559 Magnificos
1629 2504 1875 2546 vaivodam

182 2577 531 2619 Transilvanum
546 2582 591 2620 et
624 2577 837 2619 comitem
869 2576 1211 2623 Temesiensem‚
1246 2575 1462 2616 officiales
1494 2580 1684 2624 nostros,
1719 2589 1874 2629 quem-

181 2647 291 2690 libet
327 2647 372 2689 in
407 2661 539 2690 suum
575 2648 891 2695 officiolatum‚
927 2652 978 2688 ut
1015 2646 1112 2701 ipsi,
1150 2646 1302 2700 quoad
1337 2645 1448 2687 aliae
1483 2646 1600 2687 vires
1634 2659 1873 2700 regnorum

128 2730 166 2756 35
182 2723 439 2760 nostrorum
461 2719 676 2774 subsequi
697 2723 927 2774 poterunt,
945 2718 1003 2758 ad
1025 2716 1176 2758 omnia
1198 2716 1536 2771 diligentissime
1557 2721 1602 2758 et
1625 2716 1873 2771 vigilantis-

182 2789 292 2830 sime
321 2789 605 2844 provideant.

297 2860 471 2902 Datum
501 2861 659 2902 Eudae
688 2860 799 2902 feria
827 2858 963 2901 tertia
992 2858 1198 2913 proxima
1226 2862 1328 2912 post
1359 2858 1526 2899 festum
1547 2858 1670 2899 beati
1698 2857 1872 2899 Urbani

180 2944 326 2985 papae
355 2935 399 2972 et
429 2931 655 2987 martyris.
687 2932 820 2973 Anno
852 2941 974 2983 1511.

422 3047 626 3094 (Georgius
652 3049 781 3094 Pray:
808 3046 1092 3082 Commentarii
1116 3045 1293 3080 historici
1318 3057 1407 3091 pag.
1438 3045 1664 3091 196—-198.)

1910 1393 1957 1422 13.
1972 1383 2056 1423 Julii,
