2209 3643
192 243 249 277 18.
271 243 383 288 Junii
408 237 517 291 1527]
883 242 956 276 No.
984 253 1180 284 109—110
1814 253 1884 288 147

185 377 231 414 et
274 372 477 414 illaesum
521 372 832 421 conservandi,
878 372 942 413 ita
984 373 1106 427 quod
1148 373 1391 415 manifesto
1433 374 1579 428 colligi
1620 374 1761 429 possit
1803 388 1885 416 nos

185 443 387 485 officioso
412 444 563 485 animo
587 447 738 484 vestro
762 443 859 498 pari
883 448 927 484 et
951 444 1109 485 maiori
1133 458 1327 499 quoque,
1353 444 1462 486 dum
1487 445 1672 487 dabitur
1695 446 1883 494 occasio,

184 514 465 569 gratitudine
503 514 771 569 respondere
810 514 1032 564 voluisse,
1073 515 1189 557 sicut
1228 515 1299 557 ille
1337 515 1455 557 idem
1494 516 1683 558 nuntius
1721 521 1883 565 vester,

0 596 56 672 F
185 599 322 640 quem
355 599 474 627 nunc
507 585 565 626 ad
598 598 678 626 vos
710 585 976 634 remisimus,
1011 586 1147 628 latius
1180 587 1355 636 referet,
1390 587 1516 629 cuius
1548 588 1698 629 verbis
1729 592 1884 630 nostro

0 655 54 713 Γ
149 656 367 697 5nomine
404 655 540 697 fidem
579 655 813 697 indubiam
852 662 1082 711 praestare
1120 671 1290 712 vosque
1327 658 1536 713 deinceps
1574 659 1639 700 ita
1675 659 1885 701 exhibere

186 727 350 776 velitis,
381 727 496 769 sicut
526 727 771 769 clementer
799 727 843 768 in
873 741 954 769 vos
983 728 1264 778 confidimus,
1295 729 1418 783 quod
1446 729 1641 771 vicissim
1671 744 1776 785 erga
1804 743 1886 772 vos

185 799 474 840 accumulate
503 798 910 853 compensabimus.

333 870 506 911 Datum
529 869 573 910 in
603 869 881 919 Sweidnicio,
905 882 972 911 21.
998 870 1104 911 Maii
1138 881 1262 925 1527.
1288 871 1546 925 Regnorum
1567 876 1825 914 nostrorum
1848 873 1881 915 Ι.

0 910 50 1106 Ι
531 975 784 1020 (Conceptus.
812 976 1102 1015 Staatsarchiv,
1133 976 1259 1010 VVien.
1290 976 1548 1021 Hungarica.)

130 1167 164 1193 10
990 1152 1087 1193 109.

752 1262 893 1311 Wiew,
931 1263 998 1303 18.
1033 1262 1170 1315 Junii
1203 1274 1328 1316 1527.

262 1352 556 1391 Ferdinandus
582 1353 613 1391 I.
644 1365 715 1391 rex
740 1352 983 1403 Hungariae
1010 1354 1135 1391 Petro
1162 1354 1293 1407 Rares
1318 1353 1527 1392 vaivodae
1553 1355 1802 1394 Moldaviae.

332 1451 516 1492 Litterae
550 1451 826 1492 credentiales
861 1455 938 1506 pro
971 1456 1091 1506 parte
1126 1452 1295 1507 Georgii
1318 1453 1677 1508 Reiclzersdorffer
1699 1455 1755 1496 ad
1787 1468 1884 1496 eum

183 1536 324 1564 missi.

133 1639 167 1666 15
334 1629 639 1671 Illustrissime
680 1629 849 1671 sincere
889 1629 1062 1671 dilecte.
1104 1629 1320 1672 Salutem.

334 1700 638 1742 Proficiscitur
672 1700 717 1741 in
752 1700 1110 1755 praesentiarum
1146 1700 1204 1742 ad
1239 1715 1320 1743 vos
1353 1702 1497 1743 fidelis
1530 1703 1660 1745 nobis
1695 1703 1886 1746 dilectus

188 1771 405 1826 Georgius
438 1771 820 1820 Reicherstorffer,
855 1771 1120 1813 secretarius
1150 1776 1316 1821 noster,
1351 1773 1422 1814 cui
1453 1774 1671 1816 nonnulla
1701 1776 1884 1817 commi-

187 1843 327 1883 simus
348 1847 503 1884 nostro
524 1843 706 1884 nomine
727 1842 856 1884 vobis
877 1842 1123 1892 referenda,
1147 1843 1263 1884 sicut
1285 1843 1342 1884 ab
1363 1857 1415 1885 eo
1437 1858 1589 1886 coram
1610 1845 1882 1901 intelligetis.

187 1914 314 1968 Quae
348 1927 450 1955 cum
484 1927 539 1955 ex
572 1918 725 1955 mente
759 1918 803 1955 et
837 1914 1075 1955 voluntate
1108 1918 1264 1955 nostra
1296 1914 1498 1964 veniant,
1534 1929 1615 1958 vos
1647 1916 1886 1959 hortamur

128 1994 169 2020 *20
188 1984 449 2039 plurimum,
477 1989 528 2026 ut
555 1984 701 2026 eidem
728 1984 918 2040 Georgio
939 1984 983 2026 in
1010 1985 1092 2033 his,
1110 1998 1226 2039 quae
1251 1985 1426 2034 referet,
1444 1987 1587 2028 nostri
1607 1988 1884 2043 contempla-

189 2055 312 2097 tione
350 2055 487 2097 fidem
526 2055 762 2097 indubiam
802 2060 1032 2110 praestare
1070 2068 1278 2110 eumque,
1331 2061 1558 2111 quatenus
1597 2071 1710 2113 opus
1749 2059 1885 2101 fuerit

188 2140 254 2176 eo,
289 2140 381 2181 quo
413 2140 526 2181 opus
557 2126 707 2176 fuerit,
742 2126 933 2168 conduci
964 2140 1015 2168 ac
1047 2126 1210 2168 litteris
1253 2127 1367 2169 salvi
1398 2128 1632 2183 securique
1663 2130 1885 2172 transitus

188 2201 233 2239 et
257 2197 508 2239 conductus
529 2197 756 2252 provideri
776 2197 922 2239 facere
944 2197 1068 2246 velit,
1091 2197 1207 2239 sicut
1229 2197 1274 2238 in
1296 2211 1378 2240 vos
1398 2199 1593 2253 gratiose
1615 2200 1884 2243 confidimus

189 2272 234 2309 et
271 2268 468 2310 vicissim
504 2282 609 2323 erga
645 2282 727 2310 vos
761 2268 908 2323 gratia
945 2267 1275 2323 clementiaque
1310 2274 1466 2311 nostra
1500 2283 1882 2326 recognoscemus.

132 2360 172 2385 25
337 2340 511 2381 Datum
531 2339 747 2389 Viennae,
772 2339 837 2381 18.
858 2339 987 2393 Junii
1009 2349 1133 2394 1527.
1158 2340 1417 2394 Regnorum
1441 2345 1699 2383 nostrorum
1724 2342 1882 2398 primo.

332 2445 583 2490 (Conceptus.
629 2445 920 2484 Staatsarchiv,
960 2445 1086 2478 Wien.
1134 2445 1376 2490 Hungarica.
1414 2447 1577 2481 Edidit:
1618 2448 1767 2483 Archiv
1817 2450 1885 2484 des

190 2505 378 2539 Vereines
411 2504 475 2538 fur
499 2505 848 2550 siebenbi'irgisehe
880 2505 1174 2539 Landeskunde
1198 2504 1276 2538 vol.
1301 2507 1361 2539 26.
1384 2516 1474 2551 pag.
1500 2516 1519 2540 2
1525 2507 1601 2551 50.)

1014 2667 1115 2708 110.

752 2777 892 2826 Wien‚
928 2778 995 2819 13.
1031 2777 1168 2830 Junii
1201 2788 1326 2831 1527.

136 2879 175 2905 30
265 2866 560 2905 Ferdinandus
585 2867 617 2905 Ι.
646 2880 720 2905 rex
748 2867 991 2918 Hungariae
1017 2868 1142 2905 Petro
1169 2867 1300 2922 Rares
1325 2868 1533 2907 vaivodae
1559 2869 1809 2909 Moldaviae.

337 2964 520 3006 Litterae
539 2966 811 3007 credentiales
826 2970 903 3021 pro
917 2970 1037 3021 parte
1052 2965 1262 3020 Stephani
1275 2966 1309 3008 C
1312 2967 1544 3021 lyntschytz
1557 2969 1613 3009 ad
1627 2982 1723 3009 eum
1744 2968 1883 3011 missi.

343 3070 649 3113 Illustrissime
679 3071 847 3113 sincere
877 3071 1049 3112 dilecte.

344 3141 527 3182 Confert
550 3155 596 3182 se
619 3142 678 3183 ad
699 3156 780 3183 vos
802 3142 944 3183 fidelis
958 3141 1087 3182 nobis
1103 3142 1291 3184 dilectus
1311 3143 1568 3198 Stephanus
1592 3144 1886 3200 Clyntschytz

194 3211 530 3252 commissarius
573 3218 738 3262 noster,
786 3213 857 3254 cui
901 3212 1205 3254 commisimus
1248 3214 1466 3255 nonnulla
1508 3219 1663 3256 nostro
1706 3215 1888 3256 nomine

0 3310 6 3330 ι
29 3283 42 3321 ξ
1682 3302 1743 3337 10*

0 3335 4 3340 ¹
29 3334 42 3350 -ἡ
