2209 3643
227 208 299 242 168
986 202 1060 235 No.
1087 212 1155 246 125
1604 196 1678 249 [10.
1701 201 1796 247 Apr.
1822 203 1920 246 1528

225 342 312 380 etc.
354 336 460 392 regi,
503 334 686 377 domino
726 346 826 374 meo
867 330 1228 379 clementissimo,
1270 344 1342 371 me
1389 329 1639 372 addixerim
1680 330 1919 385 obsequiis,

228 421 421 462 cumque
444 407 489 447 in
512 405 644 447 certis
666 403 857 457 negotiis
880 401 1049 443 Gallias
1071 400 1328 451 abivissem,
1353 401 1398 442 in
1420 401 1660 455 redituque
1682 415 1796 451 meo,
1821 415 1921 443 ecce

228 478 429 532 undique
470 489 609 531 prope
651 473 934 528 Hungariam
976 471 1128 513 omnia
1169 472 1305 513 armis
1345 471 1532 513 fremere
1573 471 1918 526 conspexissem,

228 549 433 597 miratus,
472 545 584 600 quid
614 545 699 586 hoc
731 543 816 585 sibi
847 543 982 585 vellet
1016 547 1060 584 et
1093 542 1217 597 quod
1259 542 1474 584 Turcicae
1505 542 1759 597 tyrannidis
1792 542 1921 584 obliti

227 618 409 674 propria
430 617 603 658 viscera
623 615 865 663 lanientur,
890 614 1126 668 multaque
1148 613 1340 668 desuper
1362 613 1668 667 investiganti,
1693 613 1922 668 exemplar
1959 629 1978 654 5

227 690 483 731 litterarum
530 686 815 741 accepissem,
864 698 954 739 quo
998 684 1199 726 marchio
1246 684 1487 726 Casimirus
1531 684 1616 725 sub
1658 683 1922 726 Serenitatis

227 761 350 801 Tuae
385 757 566 799 nomine
601 757 769 798 bellum
805 756 978 810 inclyto
1012 755 1103 809 regi
1139 769 1190 796 ac
1226 755 1410 796 domino
1444 768 1546 795 meo
1581 754 1838 804 adnuntiat,
1876 759 1921 796 et

231 845 322 873 non
352 829 497 871 solum
528 828 712 870 domino
742 840 857 876 meo,
889 826 981 875 sed,
1004 830 1056 868 ut
1086 827 1154 875 fit,
1186 825 1397 867 omnibus
1427 825 1489 867 illi
1519 825 1848 875 assistentibus,
1871 839 1923 867 ac

229 901 442 943 vidissem
467 900 584 941 hanc
609 898 772 940 exilem
802 911 1041 953 personam
1067 911 1216 938 meam
1253 910 1306 938 eo
1330 896 1479 946 modo,
1506 896 1639 938 sicuti
1663 901 1707 938 et
1734 896 1922 938 aliorum

227 973 450 1014 bonorum
483 970 593 1012 dicti
622 962 739 1011 Sermi
772 968 943 1010 domini
974 967 1063 1009 mei
1094 968 1208 1023 regis
1251 967 1521 1010 servitorum
1564 967 1646 1009 tali
1684 967 1976 1009 adnuntia-10

228 1043 343 1086 tioni
362 1043 520 1090 inesse,
541 1040 765 1095 timuique
784 1040 895 1081 mihi
914 1044 1038 1081 tunc.
1062 1039 1181 1081 Nam
1201 1039 1286 1080 hoc
1305 1038 1453 1093 ipsum
1473 1038 1518 1079 in
1538 1038 1687 1080 media
1706 1038 1926 1080 Bohemia

231 1114 368 1157 didici
392 1118 437 1156 et
462 1112 747 1154 suffurabam
762 1125 834 1152 me
859 1110 983 1152 omni
1008 1114 1105 1152 arte
1119 1124 1174 1151 ex
1190 1109 1399 1151 dominiis
1421 1109 1686 1151 Serenitatis
1710 1109 1846 1158 Tuae,
1873 1123 1925 1150 ac

229 1185 370 1235 effeci,
398 1189 450 1226 ut
477 1182 715 1225 incolumis
742 1182 800 1224 ad
826 1181 1078 1224 dominium
1104 1194 1256 1222 meum
1281 1180 1502 1230 redierim,
1531 1181 1609 1222 ubi
1635 1180 1926 1222 submoratus

231 1256 582 1311 aliquantulum,
608 1253 859 1296 necessario
883 1252 1067 1294 consilio
1091 1252 1149 1293 ad
1172 1265 1388 1307 magnum
1412 1251 1660 1293 Turcarum
1685 1251 1926 1306 imperato-

230 1342 323 1370 rem
364 1331 516 1369 orator
548 1325 729 1367 discessi
762 1324 820 1366 ad
853 1323 1106 1379 parandam
1140 1323 1257 1364 inter
1289 1323 1414 1364 illum
1448 1336 1500 1364 ac
1544 1322 1736 1364 eundem
1772 1321 1978 1364 Sermumis

232 1398 467 1440 dominum
508 1411 659 1439 meum
700 1409 859 1451 pacem
901 1400 1039 1449 atque
1081 1394 1343 1436 amicitiam.
1387 1394 1507 1435 Nam
1547 1407 1638 1435 uno
1678 1393 1926 1447 eodemque

233 1474 451 1524 tempore,
502 1467 768 1523 praesertim
820 1466 878 1508 ob
928 1465 1248 1508 nonnullorum
1300 1464 1358 1506 ad
1409 1464 1729 1507 Celsitudinem
1780 1464 1926 1505 Tuam

231 1539 577 1595 ignominiosam
616 1538 929 1587 defectionem,
970 1550 1260 1591 nequaquam
1298 1540 1395 1577 erat
1434 1540 1588 1577 tutum
1627 1550 1729 1577 cum
1768 1534 1926 1577 eodem

236 1625 288 1653 ac
317 1625 483 1666 magno
512 1611 761 1652 Turcarum
792 1608 992 1650 dominio
1021 1608 1190 1649 bellum
1221 1621 1364 1662 agere,
1396 1607 1587 1661 principi
1617 1620 1730 1655 meo,
1764 1605 1841 1660 qui
1871 1619 1927 1646 ex

236 1682 491 1731 Germania,
526 1681 605 1723 ubi
637 1680 852 1722 Maiestas
883 1680 982 1721 Tua
1014 1692 1169 1720 omnes
1201 1692 1306 1720 suos
1338 1678 1490 1727 habet,
1526 1678 1604 1732 qui
1636 1691 1691 1719 ex
1725 1676 1925 1725 Polonia,
1940 1692 1978 1718 20

237 1767 353 1808 quae
382 1752 532 1795 neutri
552 1752 845 1794 Maiestatum
866 1751 1131 1791 Vestrarum
1153 1749 1307 1791 adesse
1331 1753 1571 1798 statuerat,
1594 1749 1740 1789 nullas
1770 1751 1927 1802 gentes

237 1825 296 1866 ad
328 1823 555 1880 stipendia
587 1837 669 1865 sua
701 1823 862 1864 ducere
887 1821 1052 1876 potuit.
1089 1821 1408 1875 Quamobrem,
1435 1819 1537 1861 licet
1571 1819 1681 1860 mihi
1713 1819 1804 1859 iam
1837 1831 1927 1860 non

237 1895 431 1950 amplius
468 1899 583 1936 esset
622 1907 735 1949 opus
772 1893 892 1934 hisce
928 1892 1098 1934 bellicis
1135 1891 1409 1940 ceremoniis,
1438 1904 1519 1932 nec
1556 1895 1672 1932 esset
1711 1903 1837 1944 opus,
1876 1893 1927 1930 ut

237 1967 401 2008 iterum
431 1965 673 2007 Serenitati
704 1965 842 2013 Tuae,
877 1977 980 2005 cum
1012 1962 1081 2004 his
1113 1976 1172 2012 se,
1207 1962 1285 2017 qui
1317 1975 1493 2003 mecum
1520 1961 1723 2009 veniunt,
1751 1961 1928 2002 hostem

239 2037 475 2086 declarem,
515 2036 586 2078 cui
624 2035 852 2078 Celsitudo
888 2034 986 2075 Tua
1022 2033 1171 2075 medio
1208 2032 1479 2074 marchionis
1517 2032 1719 2074 Casimiri
1756 2031 1801 2073 in
1839 2031 1981 2073 suis25

238 2109 343 2150 belli
360 2108 522 2150 litteris
538 2106 838 2148 hostilitatem
856 2105 1044 2154 minata,
1064 2104 1196 2145 sicuti
1213 2108 1257 2146 et
1276 2104 1374 2145 aliis
1391 2108 1473 2153 est,
1492 2108 1647 2145 tamen
1665 2117 1719 2144 ex
1737 2102 1931 2156 genuina

240 2179 411 2221 virtute
437 2192 538 2220 mea
565 2177 810 2219 dolendum
836 2176 960 2217 Tuae
988 2175 1251 2217 Celsitudini
1277 2174 1478 2230 significo
1504 2188 1688 2224 novum,
1718 2174 1825 2228 quia
1851 2186 1931 2227 ego

240 2250 475 2292 conductis
515 2248 850 2302 contractisque
889 2246 1100 2301 gentibus
1139 2246 1308 2295 Turcis,
1351 2246 1587 2295 Moldavis‚
1629 2244 1839 2287 Valachis
1879 2257 1932 2284 ac

240 2320 454 2370 Tartaris,
497 2320 680 2361 domino
721 2332 822 2360 meo
862 2317 1149 2359 serviendum
1190 2317 1336 2367 venio,
1379 2317 1457 2358 ubi
1497 2330 1569 2358 me
1609 2316 1692 2358 hoc
1735 2315 1931 2359 invitum

242 2391 387 2433 facere
413 2404 598 2446 superos
626 2391 745 2445 ipsos
774 2389 990 2437 obtestor,
1021 2402 1123 2429 cum
1151 2392 1307 2429 tamen
1335 2388 1515 2430 videam
1555 2387 1777 2429 iustitiam
1813 2378 1984 2428 Sermiao

242 2461 413 2503 domini
446 2461 533 2503 mei
566 2461 680 2516 regis
712 2458 1073 2515 Amplitudinem
1106 2459 1252 2500 Tuam
1285 2458 1537 2513 opprimere
1569 2458 1696 2507 velle,
1732 2462 1776 2499 et
1810 2456 1933 2512 quod

242 2532 405 2574 bovem
441 2532 486 2573 in
521 2532 702 2573 foveam
736 2531 914 2586 lapsum
950 2529 1088 2571 etiam
1123 2529 1169 2571 in
1204 2530 1275 2571 die
1310 2530 1427 2571 festo
1460 2529 1743 2583 evangelium
1779 2528 1932 2569 iubeat

243 2603 494 2652 extrahere,
530 2616 621 2643 non
655 2614 869 2643 excusare
894 2614 966 2641 me
987 2600 1131 2655 potui,
1155 2601 1264 2655 quin
1287 2600 1493 2649 facerem,
1517 2613 1633 2654 quae
1666 2599 1853 2648 iuberer,
1880 2602 1932 2639 ut

243 2673 446 2715 servitor.
472 2674 635 2727 Itaque
657 2686 789 2714 omne
821 2671 881 2721 id,
914 2671 1037 2725 quod
1068 2671 1151 2713 erit
1183 2685 1262 2726 per
1287 2685 1358 2712 me
1390 2675 1434 2712 et
1453 2675 1609 2725 gentes
1628 2671 1760 2711 hasce
1780 2673 1933 2710 actum

245 2748 403 2785 contra
427 2743 727 2785 Serenitatem
746 2743 892 2784 Tuam
917 2755 969 2783 ac
991 2741 1108 2783 illius
1142 2742 1409 2796 generaliter
1442 2754 1598 2782 omnes
1631 2739 1850 2787 subditos,
1888 2742 1986 2780 eta-5

245 2814 383 2855 etiam
406 2818 564 2855 contra
586 2817 772 2855 cunctos
801 2811 1044 2854 Serenitati
1074 2812 1197 2854 Tuae
1229 2811 1636 2867 quomodocunque
1657 2809 1931 2858 assistentes,

246 2884 329 2925 erit
367 2885 555 2933 factum,
576 2884 709 2925 sicuti
729 2884 787 2925 ab
809 2883 898 2932 illo,
921 2882 999 2937 qui
1019 2895 1073 2923 ex
1094 2881 1516 2937 superhabundanti
1541 2880 1723 2928 virtute,
1745 2880 1932 2921 honore-

247 2967 335 3007 que
366 2954 638 2996 consulendo
669 2967 752 2995 suo
780 2954 958 2995 hostem
993 2966 1040 2994 se
1072 2952 1385 3008 praesentibus
1416 2951 1478 2992 illi
1509 2950 1770 2999 declaravit,
1798 2954 1932 3005 prout

250 3024 560 3078 praesentibus
588 3024 823 3065 declarat.1

394 3140 407 3161 1
429 3139 768 3191 Indesensionem
788 3140 1026 3185 Hieronymi
1045 3135 1178 3180 Kaski,
1195 3139 1353 3183 nepotis
1372 3137 1522 3172 scilicet
1535 3137 1606 3176 sui,
1623 3137 1798 3182 Joannes
1812 3133 1933 3175 {Laski
1948 3151 1987 3176 40

251 3198 570 3243 archiepiscopus
590 3197 828 3232 Gnesnensis
849 3198 1004 3232 circiter
1022 3199 1162 3232 eodem
1182 3200 1363 3242 tempore
1382 3197 1480 3230 haec
1511 3196 1651 3230 scribit
1680 3196 1934 3241 Sigismundo
