2209 3643
40 850 91 877 24.
114 841 188 880 Apr.

232 200 303 243 188
983 195 1058 229 No.
1084 197 1154 240 146
1631 189 1679 244 [1.
1702 195 1796 241 Apr.
1822 206 1920 241 1529

231 328 376 370 omnis
397 341 443 369 se
470 330 721 382 praeparet.
744 324 1007 379 Beglerbek,
1024 324 1095 365 cui
1115 338 1169 366 ex
1186 324 1334 366 officio
1347 329 1504 379 gentes
1518 324 1667 366 levare
1682 324 1919 375 incumbit,

231 399 321 440 iam
350 402 456 440 ante
477 410 675 438 mensem
705 396 934 451 profectus
956 399 1023 436 est
1062 399 1107 436 et
1146 395 1191 436 in
1220 409 1323 436 eum
1345 396 1481 437 finem
1503 395 1674 437 Turcus
1696 395 1840 445 vadit,
1868 400 1919 437 ut

231 468 512 523 Hungariam
529 471 717 521 occupet
734 470 777 507 et
795 465 885 507 alia
900 479 1036 520 regna
1066 459 1252 506 M‘iSVrae
1280 466 1395 507 ferro
1423 470 1467 507 et
1483 466 1668 507 flamma
1696 465 1918 508 devastet.

231 540 329 580 Hoc
363 539 521 579 suadet
552 538 752 591 Joannes
782 536 1100 591 Scepusiensis,
1135 536 1319 578 credens
1351 537 1548 578 Tuscum
1582 536 1666 577 sibi
1699 536 1920 586 auxiliari,

230 609 307 650 sed
340 609 376 649 si
395 609 566 650 Turcus
587 607 684 649 voti
711 620 895 662 compos
927 607 1147 649 efficietur
1163 607 1363 661 Joannes
1393 607 1696 662 Scepusiensis
1729 607 1922 662 amplius
1958 617 1977 644 5

229 694 320 721 non
346 679 485 728 vivet,
512 692 618 720 nam
656 678 828 720 Turcus
853 678 983 720 alteri
1008 678 1133 720 dedit
1160 678 1458 732 Hungariam,
1484 678 1656 719 Aluisio
1680 678 1771 719 filio
1796 678 1923 720 ducis

230 750 544 791 Venetiarum2
573 754 617 791 et
648 749 738 790 iam
769 749 905 790 solvit
934 749 1210 804 pensionem.
1243 749 1504 791 Movebitur
1531 749 1703 790 Turcus
1732 748 1777 789 in
1807 749 1924 790 festo

234 820 423 875 Georgii.
461 820 652 869 Dicitur,
689 820 812 874 quod
845 833 936 861 non
982 824 1172 874 possunt
1219 834 1346 861 arma
1391 833 1616 861 assumere
1649 833 1786 874 penes
1820 818 1924 861 Mtem

231 892 341 933 Vsam’
370 891 477 945 quia
515 891 728 932 Maiestas
753 891 825 931 Vra
860 895 927 932 est
955 895 1139 940 remote,
1180 891 1258 932 sed
1295 891 1674 946 procurabuntur,
1708 904 1764 931 ne
1790 904 1926 946 penes

229 962 425 1003 Turcum
464 962 713 1016 insurgant.
754 961 1010 1003 Vaivodam
1049 961 1124 1016 qui
1166 962 1299 1003 fuerit
1340 962 1448 1003 dicit
1482 961 1737 1010 admonere,
1778 966 1828 1003 ut
1868 962 1926 1003 sit
1942 971 1977 998 10

229 1033 372 1075 fidelis
399 1037 458 1082 et,
488 1037 539 1074 ut
566 1033 725 1075 mittat
765 1033 823 1074 ad
851 1031 953 1074 Mtem
988 1033 1089 1074 ΨΜ
1126 1032 1352 1074 nuntium.
1395 1033 1573 1074 Dicitur
1612 1032 1764 1081 etiam,
1805 1032 1928 1087 quod

231 1118 333 1145 cum
355 1104 527 1145 Turcus
550 1104 715 1153 veniet,
742 1108 851 1145 tunc
874 1104 989 1145 falso
1011 1118 1189 1145 rumore
1209 1104 1409 1158 Joannes
1429 1103 1732 1159 Scepusiensis
1754 1103 1927 1145 nitetur

230 1175 449 1230 populum
468 1175 554 1216 sibi
572 1175 821 1224 conciliare,
842 1175 1007 1224 dicens,
1029 1175 1151 1229 quod
1169 1175 1341 1216 Turcus
1359 1188 1449 1216 non
1468 1174 1593 1216 venit
1613 1174 1671 1215 ad
1690 1174 1928 1216 delendam

230 1246 441 1300 patriam,
467 1245 545 1287 sed
568 1245 849 1287 liberandam
875 1251 918 1288 et
944 1246 985 1287 ei
1009 1245 1352 1294 restituendam,
1378 1250 1423 1287 et
1448 1245 1565 1287 forte
1587 1245 1782 1300 populus
1806 1245 1929 1300 igna-

231 1330 306 1357 rus
330 1316 591 1371 decipietur.
629 1317 799 1358 Suadet
836 1331 940 1371 ergo
976 1311 1043 1358 Mti
1063 1317 1102 1358 V
1106 1319 1170 1366 ¹²³0,
1197 1321 1248 1358 ut
1274 1317 1454 1358 Budam
1491 1316 1740 1366 festinaret,
1767 1316 1927 1358 suadet
1945 1329 1981 1356 15

232 1387 369 1428 etiam
405 1392 651 1442 antequam
688 1388 859 1429 Turcus
894 1388 1063 1437 veniat,
1100 1393 1151 1430 ut
1183 1388 1384 1442 Joannes
1416 1387 1718 1442 Scepusiensis
1752 1387 1928 1442 longius

231 1458 470 1513 pelleretur
484 1472 538 1500 ex
554 1472 689 1513 regno
704 1463 748 1500 et
764 1459 829 1500 ita
844 1459 976 1501 citius
990 1465 1190 1500 errantes
1206 1458 1411 1513 Hungari
1426 1452 1492 1499 Mti
1513 1459 1602 1499 Vrae
1616 1458 1928 1500 adhaerebunt

232 1533 276 1570 et
301 1529 513 1571 Maiestas
535 1530 607 1570 Vra
639 1530 785 1571 tutius
820 1530 997 1572 hostem
1022 1530 1203 1584 aggredi
1225 1530 1407 1585 poterit.
1433 1529 1625 1571 Dicebat
1653 1530 1677 1585 [,
1700 1529 1765 1584 ut]
1790 1529 1929 1571 etiam

231 1600 455 1656 principes
477 1601 651 1655 imperii
673 1605 717 1642 et
741 1615 896 1642 omnes
929 1601 1004 1642 alii
1037 1601 1209 1642 subditi
1232 1594 1313 1642 Mtis
1332 1601 1422 1642 Vrae
1448 1614 1538 1642 non
1571 1604 1762 1656 parcant
1795 1600 1929 1642 rebus

233 1685 402 1713 eorum.
434 1672 568 1722 Nam,
603 1672 639 1713 si
666 1672 803 1714 modo
838 1673 1010 1714 Turcus
1045 1672 1333 1727 superabitur
1368 1685 1544 1726 semper
1578 1676 1709 1714 erunt
1746 1671 1924 1713 divites.
1942 1685 1981 1711 20

230 1743 274 1784 Si
300 1756 408 1784 vero
444 1743 617 1784 Turcus
654 1743 934 1798 superaverit
974 1741 1077 1784 Mtem
1109 1744 1223 1793 Vfflm,
1252 1743 1375 1797 quod
1412 1743 1535 1784 Deus
1572 1747 1767 1792 avertat,
1808 1746 1927 1784 certe

233 1814 431 1855 incident
460 1814 505 1855 in
532 1827 632 1855 eam
659 1814 941 1864 servitutem,
971 1814 1016 1855 in
1044 1828 1135 1869 qua
1161 1828 1242 1856 nos
1269 1827 1436 1855 sumus,

379 1886 543 1926 Postea
586 1885 875 1940 interrogavi,
921 1899 1059 1940 quam
1104 1886 1196 1927 vim
1240 1885 1412 1926 Turcus
1455 1884 1655 1926 habebit.
1703 1883 1845 1933 Dixit,
1891 1883 1928 1925 si

233 1955 405 1996 Turcus
438 1970 493 1997 ex
527 1960 721 2010 utraque
754 1961 885 2011 parte
918 1956 1054 1997 maris
1088 1970 1268 1998 omnem
1302 1956 1395 1998 vim
1430 1969 1559 1997 suam
1594 1955 1801 2004 moverit,
1836 1968 1927 1996 non

233 2031 383 2080 potest
408 2027 528 2068 ultra
553 2039 635 2068 100
658 2032 703 2069 et
728 2038 885 2080 5o.ooo
908 2027 1051 2069 bonos
1074 2031 1118 2068 et
1142 2028 1299 2076 malos,
1324 2031 1368 2068 et
1392 2040 1483 2068 non
1507 2026 1629 2068 valet
1653 2026 1802 2067 media
1824 2036 1928 2080 pars
1942 2041 1982 2067 25

234 2097 292 2138 ad
322 2097 504 2139 bellum.
540 2098 665 2139 Inter
694 2098 805 2139 istos
835 2103 966 2140 erunt
999 2098 1057 2140 ad
1087 2112 1316 2140 summum
1350 2107 1401 2150 15
1432 2097 1573 2139 millia
1603 2096 1928 2152 pixidariorum

235 2172 279 2209 et
310 2168 510 2222 quinque
540 2169 894 2223 sagittariorum.
928 2169 1212 2211 Bombardas
1241 2168 1427 2210 habebit
1471 2168 1745 2224 sexagintas,
1789 2180 1929 2209 naves

234 2239 371 2292 paulo
398 2240 560 2293 plures,
592 2254 731 2294 quam
760 2244 965 2295 tempore
994 2240 1229 2282 conflictus
1259 2254 1361 2281 cum
1391 2239 1636 2281 Ludovico.

380 2310 447 2350 De
483 2310 673 2352 induciis
709 2311 818 2352 dicit
856 2311 998 2352 aliter.
1049 2311 1221 2352 Turcus
1269 2324 1371 2352 cum
1420 2308 1494 2351 Mte
1530 2310 1601 2351 Vra
1637 2323 1795 2364 pacem
1837 2321 1927 2350 non

234 2379 421 2429 tenebit,
441 2380 525 2421 nisi
542 2385 586 2422 et
605 2381 817 2423 Maiestas
834 2382 905 2423 V...
922 2395 1013 2423 non
1042 2383 1186 2424 solum
1214 2382 1269 2423 de
1287 2381 1535 2436 Hungaria,
1554 2381 1631 2422 sed
1649 2381 1704 2422 de
1721 2379 1929 2422 omnibus
1944 2395 1981 2421 30

235 2451 380 2504 regnis
412 2451 502 2492 suis
532 2457 803 2507 perpetuum
835 2453 1061 2494 tributum
1093 2453 1334 2507 promittat
1366 2457 1411 2493 et
1442 2465 1488 2493 se
1519 2452 1558 2493 ei
1588 2451 1769 2493 subdat.
1800 2450 1930 2492 Solus

237 2521 357 2562 exire
391 2522 616 2571 volebam,
652 2523 729 2564 sed
762 2537 853 2565 non
887 2528 954 2565 est
989 2528 1157 2565 tutum.
1194 2523 1282 2564 Vix
1316 2524 1404 2565 huc
1424 2523 1529 2565 veni
1551 2523 1675 2577 prius
1695 2521 1824 2563 binas
1858 2520 1930 2562 vel

236 2595 387 2632 ternas
410 2593 593 2634 mittam
611 2607 620 2642 ;
645 2598 804 2648 postea
827 2594 1018 2636 tentabo
1041 2595 1174 2643 exire,
1200 2594 1235 2635 si
1259 2608 1341 2648 ego
1364 2593 1563 2635 incidam
1590 2594 1788 2648 laqueos,
1814 2591 1930 2632 forte

235 2661 413 2703 litterae
438 2663 634 2705 venient.
659 2664 705 2705 Si
728 2665 906 2706 litterae
930 2665 1143 2720 peribunt
1169 2665 1285 2706 forte
1309 2666 1432 2706 Deus
1457 2678 1527 2705 me
1552 2664 1760 2705 adducet.
1784 2661 1929 2715 Scrip-

236 2745 380 2773 seram
412 2733 536 2787 prius
568 2728 634 2775 Mti
666 2735 756 2775 Vrae
787 2735 832 2776 in
865 2736 980 2785 unis,
1016 2736 1138 2790 quod
1180 2735 1318 2790 Sophi
1362 2739 1521 2776 contra
1562 2735 1758 2775 Turcum
1803 2745 1929 2773 arma
1944 2747 1982 2774 35

236 2808 458 2852 moverat,
494 2804 572 2844 sed
606 2806 950 2848 concordarunt.
987 2807 1139 2848 Naves
1172 2811 1326 2847 autem
1361 2805 1524 2846 ductae
1557 2818 1638 2859 pro
1673 2806 1929 2844 commeatu

238 2872 434 2914 fuerunt.
496 2875 592 2916 Ista
647 2876 755 2917 dicit
808 2876 1049 2918 Udvornik
1104 2876 1256 2917 omnia
1310 2889 1404 2916 esse
1459 2888 1579 2923 vera,
1633 2886 1929 2928 quaecunque

238 2942 394 2984 scribo.

384 3013 556 3055 Datum
586 3015 631 3056 in
661 3016 896 3066 Coloswar,
928 3017 1038 3058 feria
1066 3016 1228 3070 quinta
1257 3015 1455 3056 Paschae
1484 3026 1551 3068 29.

374 3165 388 3186 ²
410 3166 543 3207 Gritti,
568 3171 708 3212 postea
736 3170 979 3213 gubernator
1005 3169 1246 3214 Hungariae.
1943 3181 1981 3206 40
