2209 3643
192 197 252 223 12.
275 188 368 222 Dec.
395 182 504 236 1530]
952 187 1026 222 No.
1054 190 1123 234 176
1811 200 1885 236 217

190 318 404 360 omnibus
437 317 616 373 oppidis
636 322 681 360 et
703 317 821 359 villis
842 318 1024 372 ceperit,
1047 318 1338 361 Gwozdziecz
1371 319 1610 361 castellum
1634 319 1883 362 finitimum

189 388 415 431 obsederit
447 389 625 443 aliaque
655 388 753 429 loca
783 392 827 430 et
860 393 1009 430 castra
1040 394 1218 431 tentare
1248 394 1292 432 et
1324 404 1588 445 oppugnare
1619 391 1881 433 instituerit.

189 460 290 515 Quo
315 459 477 501 nuntio
503 473 605 501 cum
632 472 713 500 nos
738 459 994 514 perturbati
1020 465 1065 502 et
1092 461 1282 515 perculsi
1309 461 1560 510 fuissemus,
1588 462 1883 504 consultatio-

189 544 292 572 nem
316 544 418 572 cum
442 529 755 585 praesentibus
778 530 1040 571 consiliariis
1064 531 1228 573 nostris
1251 532 1438 573 fecimus
1461 532 1516 574 de
1539 532 1737 574 ineunda
1760 537 1884 575 certa

154 605 234 643 set
264 601 393 642 celeri
422 601 574 655 aliqua
602 600 777 642 ratione
805 614 856 641 ac
886 601 1034 649 modo,
1065 616 1155 656 quo
1183 606 1279 643 tam
1309 603 1535 657 praesenti
1564 604 1684 645 malo
1712 603 1883 646 occurri

188 676 233 713 et
261 671 488 726 provideri
515 684 728 725 arcesque
755 671 990 725 praesidiis
1018 686 1108 713 non
1135 673 1342 714 firmatae
1369 674 1537 715 servari
1564 674 1810 716 incolumes
1837 679 1882 716 et

187 742 384 784 deffendi
406 742 595 796 possint,
619 746 663 783 et
686 747 789 797 post
812 741 943 783 binas
965 743 1149 797 quidem
1172 744 1541 799 congregationes
1563 745 1647 787 hac
1669 745 1724 786 de
1747 759 1883 787 causa

186 813 347 861 factas,
368 812 491 867 quod
510 813 707 854 maxime
726 812 785 854 ad
803 817 900 854 tam
920 813 1120 855 subitam
1139 815 1455 856 necessitatem
1474 816 1694 870 praestari
1714 816 1880 871 potuit,

186 883 322 925 alacri
341 883 493 924 animo
511 883 835 938 praestitimus.
858 884 1032 939 Nempe
1051 884 1171 926 mille
1189 885 1378 940 equites,
1399 886 1586 927 corrasis
1604 887 1650 928 in
1668 891 1882 929 mutuum

130 970 166 997 10
185 954 399 1009 pecuniis,
416 954 582 1009 suscipi
597 958 642 996 et
659 954 763 996 illuc
778 955 824 995 in
839 954 1146 997 defensionem
1162 960 1384 997 terrarum
1403 957 1590 998 Russiae
1606 962 1650 999 et
1668 957 1881 999 Podoliae

185 1024 385 1080 expediri
424 1025 745 1067 mandavimus
757 1039 766 1075 ;
801 1025 973 1067 interea
1011 1026 1120 1067 dum
1159 1040 1241 1068 nos
1279 1027 1349 1068 hic
1389 1027 1443 1069 de
1483 1028 1642 1069 maiori
1680 1028 1881 1070 exercitu

184 1095 492 1150 comparando
521 1109 573 1137 ac
603 1096 658 1137 de
687 1096 973 1151 reprimenda
1002 1097 1144 1138 hostis
1174 1098 1329 1146 nostri,
1361 1098 1556 1139 hominis
1584 1098 1803 1154 fidefragi,
1834 1099 1881 1140 vi

183 1170 228 1208 et
258 1166 495 1221 inopinato
524 1167 728 1208 tumultu
757 1168 1082 1210 consultamus.
1114 1168 1339 1223 Quoniam
1370 1183 1476 1210 vero
1505 1169 1563 1211 ad
1592 1169 1880 1211 dissolvenda

184 1237 340 1278 debita
361 1251 416 1278 ex
439 1237 523 1278 hac
545 1250 683 1279 causa
704 1242 940 1279 contracta
975 1238 1033 1279 ad
1067 1238 1402 1294 reprimendum
1425 1240 1634 1281 hostilem
1656 1240 1880 1295 impetum

130 1324 167 1350 15
184 1308 411 1362 praesenti
437 1308 628 1362 pecunia
653 1321 766 1363 opus
792 1313 859 1350 est
885 1308 1015 1350 nobis
1041 1314 1085 1351 et
1112 1310 1375 1351 consiliariis
1401 1310 1578 1359 nostris,
1609 1311 1880 1352 mandamus

181 1377 441 1420 Sinceritati
475 1378 612 1427 Tuae,
647 1384 698 1421 ut
732 1379 959 1421 residuam
992 1380 1231 1435 pecuniam
1265 1381 1549 1435 publicarum
1583 1382 1879 1424 contributio-

183 1462 293 1490 num
316 1462 435 1490 anno
457 1449 703 1504 praeterito
725 1450 1008 1492 decretarum
1031 1451 1313 1506 palatinatus
1335 1451 1402 1493 sui
1425 1451 1484 1492 ad
1505 1465 1586 1493 nos
1608 1452 1694 1494 huc
1723 1466 1881 1508 quam—

183 1519 381 1574 primum
412 1520 587 1567 afferat,
620 1525 671 1562 ut
702 1525 746 1562 et
778 1520 1075 1563 creditoribus
1105 1522 1160 1563 de
1190 1526 1352 1563 mutuo
1382 1521 1492 1564 dato
1522 1523 1715 1565 satisfiat
1746 1528 1790 1565 et
1822 1537 1878 1565 ex

182 1590 361 1632 residuo
389 1590 649 1632 necessitati
678 1591 885 1646 publicae
914 1605 992 1647 per
1019 1605 1100 1633 nos
1129 1592 1392 1635 consulatur
1412 1594 1445 1642 ;1
1474 1598 1558 1635 etc.

125 1668 165 1694 20
328 1662 501 1703 Datum
524 1661 820 1709 Piotrcoviae,
847 1675 912 1705 10.
937 1663 1197 1704 Decembris
1220 1674 1270 1716 15
1277 1676 1343 1715 30.

575 1756 692 1800 (Acta
725 1757 955 1790 Tomiciana
990 1757 1068 1790 vol.
1106 1757 1201 1791 XII.
1238 1768 1326 1802 pag.
1364 1759 1465 1802 374.)

982 1895 1079 1937 176.

650 1993 881 2042 Piotrko'w,
911 2005 978 2034 12.
1007 1994 1253 2035 Decembris
1280 2005 1406 2047 1530.

355 2083 543 2133 Joannes
575 2083 802 2134 Chojenski
835 2083 1094 2128 secretarius,
1130 2084 1274 2122 Bonae
1306 2084 1471 2135 reginae
1506 2085 1714 2124 Poloniae.

126 2200 164 2225 25
330 2181 639 2224 Ordinationes
669 2183 808 2237 regiae
839 2183 938 2223 belli
967 2183 1015 2224 rin
1044 2182 1274 2224 Illoldavos
1304 2183 1420 2224 initi.

328 2288 396 2329 De
444 2288 697 2330 hostilitate
759 2289 1078 2337 Valachorum,
1130 2301 1269 2343 quam
1319 2288 1537 2330 adversus
1585 2289 1787 2332 dominia
1836 2295 1881 2333 et

183 2357 390 2400 subditos
445 2358 549 2400 Μωιῃ
615 2360 747 2401 Vramm
805 2363 1028 2407 exercent,
1087 2359 1236 2413 priora
1302 2359 1472 2414 scripta
1538 2361 1879 2411 confirmantur,

330 2476 344 2496 1
368 2476 458 2510 Una
481 2487 572 2511 curn
595 2477 655 2511 his
679 2488 747 2511 rex
771 2477 1024 2511 exactoribus
1049 2477 1250 2511 Brestensi
1273 2480 1347 2511 etc.
1373 2478 1454 2511 tale
1476 2479 1715 2513 mandatum
1739 2480 1876 2514 dedit:

181 2534 419 2579 Supervenit
433 2546 538 2569 nunc
552 2536 806 2581 inopinatum
826 2537 866 2569 in
887 2546 957 2569 nos
984 2539 1024 2570 et
1051 2535 1337 2581 rempublicam
1364 2537 1413 2570 de
1443 2537 1610 2571 Russiae
1638 2541 1678 2571 et
1693 2538 1880 2572 Podoliae

127 2600 166 2627 30
183 2593 299 2627 terris
338 2594 568 2638 periculum,
608 2595 805 2629 voievoda
826 2595 929 2629 enim
958 2595 1195 2634 Moldaviae,
1225 2595 1353 2640 ruptis
1391 2595 1616 2630 foederibus
1654 2599 1694 2630 et
1731 2596 1880 2631 abusus

182 2651 462 2687 benevolentia
486 2656 623 2688 nostra
647 2665 738 2688 cum
763 2654 938 2688 exercitu
964 2654 1004 2687 in
1030 2654 1129 2687 fines
1154 2654 1261 2698 regni
1287 2654 1412 2688 nostri
1436 2654 1551 2689 irruit
1575 2655 1709 2700 ibique
1734 2658 1876 2695 castra,

182 2711 341 2756 oppida,
367 2712 481 2746 villas
503 2713 651 2757 partim
674 2713 795 2758 capit,
819 2713 967 2758 partim
990 2713 1147 2746 obsidet
1168 2716 1291 2757 atque
1313 2716 1532 2757 oppugnat.
1557 2713 1700 2758 Quare,
1726 2717 1771 2748 ut
1793 2716 1879 2748 tam

182 2769 339 2804 subitae
370 2771 598 2806 necessitati
629 2772 837 2816 providere
868 2772 1104 2816 opportunis
1135 2771 1341 2816 praesidiis
1384 2772 1592 2816 possimus,
1640 2773 1878 2807 mandamus

183 2827 387 2863 Fidelitati
406 2829 526 2869 Tuae,
549 2834 594 2864 ut
613 2831 690 2864 huc
710 2831 761 2865 ad
781 2841 852 2864 nos
871 2841 993 2876 quam
1013 2830 1186 2875 primurn
1205 2840 1297 2864 curn
1316 2831 1424 2864 omni
1444 2830 1596 2876 reliqua
1615 2832 1877 2866 contributio-

127 2893 167 2920 35
182 2897 279 2920 num
312 2888 406 2921 anni
438 2889 645 2933 praeteriti
678 2890 847 2934 pecunia
880 2889 1017 2923 veniat
1050 2892 1090 2923 et
1124 2892 1299 2933 regestra
1331 2892 1416 2923 tam
1450 2893 1718 2934 acceptorum,
1755 2901 1878 2935 quam

183 2955 446 2990 expensorum
476 2958 610 2982 secum
641 2949 797 2988 afferat,
831 2951 877 2982 ut
908 2951 948 2982 et
979 2958 1050 2981 nos
1081 2950 1121 2982 et
1152 2948 1364 2982 consiliarii
1395 2951 1518 2993 atque
1549 2949 1695 2983 caeteri
1726 2949 1878 2984 subditi

183 3004 308 3038 nostri
341 3008 492 3040 certam
526 3009 567 3040 et
599 3007 830 3052 expeditam
864 3007 1061 3041 rationem
1094 3006 1241 3040 habere
1274 3007 1471 3051 possimus
1505 3010 1590 3041 tam
1624 3008 1673 3041 de
1707 3018 1874 3049 summa,

183 3072 286 3106 quae
301 3074 350 3097 ex
366 3065 730 3100 contributionibus
746 3066 942 3110 provenit,
963 3076 1085 3110 quam
1102 3066 1150 3099 de
1167 3065 1350 3110 expensis
1366 3066 1406 3098 in
1425 3066 1604 3110 publicas
1621 3067 1877 3102 necessitates

183 3120 310 3160 factis,
336 3122 409 3156 sub
432 3124 668 3167 gravissima
689 3124 963 3169 indignatione
986 3127 1122 3158 nostra
1145 3124 1260 3158 aliter
1282 3134 1361 3157 non
1385 3124 1541 3159 factura
1564 3125 1754 3159 Fidelitas
1777 3126 1874 3161 Tua.

128 3188 167 3213 40
189 3178 372 3221 (Ibidem,
407 3191 496 3226 pag.
534 3183 762 3227 374ss-375.)
