2209 3643
332 162 378 206 48
1099 155 1174 189 No.
1197 165 1244 199 42
1678 149 1752 204 [24.
1778 155 1890 199 Junii
1924 165 2022 200 1499

121 288 321 336 1'1-12·Julii
334 291 547 346 martyris
574 290 619 330 in
647 287 846 343 personis
875 284 1255 327 Reverendissimi
1282 284 1453 326 domini
1481 285 1707 327 Dominici
1733 284 1863 327 electi
1889 285 2025 326 eccle-

333 363 424 403 siae
444 358 748 402 waradiensis
768 357 813 398 in
835 356 959 398 dicta
976 356 1184 405 Soialwa,
1206 355 1426 410 Stephani
1444 355 1680 397 waivodae
1706 355 2026 397 Moldaviensis

334 433 378 474 in
399 431 790 485 Waydakamaras
814 431 859 468 et
888 427 1113 480 Johannis
1133 426 1286 481 Ongor
1312 426 1368 468 de
1399 426 1587 468 Nadasd
1618 426 1663 467 in
1694 426 1915 482 Wayolla,
1949 425 2027 481 qui

334 504 379 544 id
409 503 553 543 facere
582 502 918 541 recusaverunt.

1148 588 1217 630 42.

756 687 1146 736 Kolozsmonostor,
1188 699 1257 740 24.
1299 687 1436 739 Junii
1476 698 1602 740 1499.

333 781 576 820 Conventus
603 778 797 818 ecclesiae
816 778 867 816 de
890 777 1263 816 Kolozsmonostor
1294 776 1439 816 comiti
1471 777 1596 815 Petro
1618 775 1922 827 Szentgyorgyi
1941 774 2027 813 vai-

948 836 1085 875 vodae
1111 835 1404 886 Transylvani.

478 926 697 967 Relatorz‘a
737 924 986 966 statutionis
1019 927 1097 977 pro
1133 927 1254 977 parte
1282 923 1476 976 Joannis
1509 923 1654 978 Ungor
1681 923 1731 964 de
1757 923 1943 964 Naidasd
1982 924 2031 966 in

335 997 682 1053 possessionibus
723 995 1050 1049 Szentmargita,
1079 995 1314 1036 Keresztur
1344 999 1381 1036 et
1411 994 1537 1035 Felc‘ir
1569 1007 1666 1034 cnm
1699 993 2031 1036 contradictione
2045 1005 2084 1031 ιο

336 1069 562 1110 lzoznz'nwn
602 1067 816 1123 Stephani
848 1066 1052 1108 vczz'vodcze
1083 1065 1337 1106 stloldaviae
1369 1069 1405 1106 et
1439 1066 1618 1120 Bogdczn
1649 1065 1735 1117 filii
1769 1065 1972 1106 eiusdem.

483 1162 724 1217 Magnifico
763 1161 948 1203 domino
989 1161 1125 1202 Petro
1166 1160 1321 1202 comiti
1361 1160 1417 1202 de
1453 1160 1621 1202 Sancto
1662 1160 1853 1214 Georgio
1893 1164 1938 1201 et
1979 1160 2034 1202 de

339 1237 497 1290 Eozyn
524 1233 747 1275 vaivodae
773 1232 1096 1274 Transsilvano
1122 1236 1167 1273 et
1196 1231 1351 1272 comiti
1375 1230 1639 1279 Siculorum,
1669 1231 1854 1272 domino
1879 1244 2034 1273 corum

338 1305 604 1348 honorando
630 1308 882 1346 conventus
907 1302 1170 1344 monasterii
1196 1303 1368 1344 Beatae
1393 1302 1561 1344 Mariae
1586 1302 1781 1356 Virginis
1806 1301 1862 1343 de
1888 1302 2035 1344 Colos-

339 1382 585 1419 monostra.
612 1374 874 1416 Amicitiam
890 1378 1100 1429 paratam
1116 1388 1218 1415 cum
1233 1374 1415 1415 honore.
1442 1373 1606 1415 Vestra
1629 1372 1807 1414 noverit
1832 1372 2036 1428 Magnifi-
2051 1383 2086 1410 15

341 1449 503 1497 centia,
555 1447 677 1501 quod
715 1459 797 1487 nos
834 1446 1003 1487 honore
1041 1450 1086 1486 et
1124 1444 1392 1493 reverentia,
1432 1444 1597 1499 quibus
1635 1443 1799 1493 decuit,
1845 1444 2037 1498 receptis

340 1520 504 1562 litteris
524 1517 686 1559 vestris
709 1516 1062 1565 adiudicatoriis,
1086 1516 1273 1557 modum
1296 1520 1340 1557 et
1363 1515 1557 1557 sormam
1579 1519 1757 1556 vestrae
1779 1514 2037 1556 iudiciariae

342 1589 677 1634 deliberationis
711 1588 756 1629 in
790 1602 836 1629 se
870 1587 1244 1643 exprimentibus,
1280 1600 1361 1642 pro
1395 1591 1525 1641 parte
1558 1585 1785 1640 Magnifici
1815 1585 2038 1640 Johannis

342 1664 498 1718 Ungor
531 1661 586 1702 de
621 1659 808 1701 Nadasd
843 1663 1001 1700 contra
1035 1658 1326 1713 Magnificum
1360 1657 1596 1699 dominum
1627 1657 1910 1712 Stephanum
1944 1657 2037 1698 vai-

342 1735 509 1776 vodam
542 1731 896 1774 Moldaviensem
929 1735 973 1771 et
1006 1730 1196 1783 Bogdan
1228 1729 1370 1770 filium
1402 1728 1616 1776 eiusdem,
1642 1727 1687 1769 in
1714 1741 1827 1782 quos
1857 1732 2038 1769 mortuo
2051 1737 2090 1764 20

345 1806 538 1848 condam
566 1803 708 1844 Paulo
735 1802 958 1843 Horwath
985 1801 1040 1842 de
1079 1800 1390 1855 Mykl‘ezalzya
1428 1813 1638 1854 praesens
1677 1812 1813 1840 causa
1839 1798 2039 1852 quodam

345 1877 480 1919 modo
507 1879 574 1917 est
601 1873 916 1920 condescensa,
945 1871 1169 1913 emanatis
1206 1871 1427 1925 nobisque
1452 1869 1745 1924 loquentibus
1770 1873 1815 1910 et
1842 1868 2037 1918 directis,

346 1949 476 1989 iuxta
513 1944 775 1988 earumdem
814 1942 1157 1991 continentiam,
1190 1941 1504 1982 amicabilibus
1542 1940 1840 1995 petitionibus
1877 1940 2040 1981 vestris

346 2021 612 2065 annuentes,
638 2020 689 2056 ut
714 2019 934 2062 tenemur,
960 2027 1157 2054 unacum
1181 2012 1321 2054 nobili
1341 2012 1573 2066 Stephano
1597 2011 1651 2052 de
1675 2012 1834 2059 Nema,
1859 2011 2040 2052 homine

346 2095 498 2132 vestro
519 2089 574 2130 de
594 2086 698 2128 sede
718 2090 871 2127 vestra
891 2084 1124 2125 iudiciaria
1144 2097 1223 2138 per
1242 2096 1324 2124 vos
1344 2082 1402 2124 ad
1422 2082 1468 2124 id
1487 2081 1741 2137 specialiter
1761 2081 2039 2131 transmisso,
2053 2090 2091 2117 25

346 2165 552 2202 nostrum
590 2157 834 2205 hominem,
874 2155 1084 2197 videlicet
1122 2153 1377 2208 religiosum
1426 2153 1575 2194 virum
1613 2153 1799 2194 fratrem
1838 2152 2042 2194 Blasium

347 2231 642 2277 sacerdotem,
684 2227 856 2270 socium
896 2231 1103 2268 nostrum
1146 2224 1493 2267 conventualem
1534 2237 1676 2265 unum
1717 2237 1772 2265 ex
1813 2223 1942 2265 nobis
1984 2223 2042 2265 ad

348 2301 637 2356 infrascripta
658 2297 923 2353 exequendo
945 2302 1101 2339 nostro
1123 2310 1204 2351 pro
1227 2294 1487 2337 testimonio
1509 2294 1598 2336 fide
1620 2294 1807 2349 dignum
1830 2294 2043 2336 duximus

349 2372 659 2420 destinantes;
692 2369 770 2425 qui
799 2368 986 2411 tandem
1016 2367 1178 2409 exinde
1208 2365 1265 2408 ad
1295 2379 1377 2407 nos
1405 2365 1571 2407 reversi
1599 2365 1730 2407 nobis
1759 2364 2044 2407 uniformiter

350 2444 601 2485 retulerunt
638 2441 726 2483 isto
761 2440 927 2482 modo:
966 2438 1099 2494 Quod
1135 2437 1219 2493 ipsi
1252 2437 1455 2479 Sabbato
1490 2435 1697 2492 proximo
1733 2440 1841 2477 ante
1876 2436 2095 2477 festumao

181 2532 229 2552 22.
253 2522 335 2561 Junii
352 2513 622 2556 Nativitatis
649 2511 783 2554 Beati
805 2510 1029 2565 Johannis
1055 2509 1295 2564 Baptistae
1320 2507 1500 2549 noviter
1525 2506 1785 2562 praeterito,
1814 2506 1958 2562 primo
1986 2506 2044 2548 ad

352 2586 513 2628 faciem
549 2582 841 2640 possessionis
876 2580 1269 2635 Zenthmargytha
1303 2582 1495 2620 vocatae
1531 2578 1576 2619 in
1614 2577 1837 2619 comitatu
1872 2577 2045 2619 Zolnok

351 2655 551 2699 interiori
575 2653 811 2696 existentis
850 2652 1074 2701 habitae,1
1099 2650 1257 2693 vicinis
1281 2654 1326 2691 et
1351 2648 1673 2691 commetaneis
1697 2648 1897 2689 eiusdem
1921 2647 2045 2689 vide-

349 2727 452 2768 licet
482 2725 710 2767 nobilibus
744 2724 955 2779 Philippo
988 2727 1034 2764 et
1068 2720 1276 2764 Emerico
1309 2720 1364 2762 de
1397 2720 1644 2775 Mykezaza
1683 2733 1735 2760 ac
1768 2719 1956 2760 Urbano
1990 2718 2045 2760 de

351 2798 546 2853 Arpasto
574 2796 762 2850 aliisque
786 2808 924 2850 quarn
948 2793 1152 2849 pluribus
1167 2791 1277 2833 inibi
1291 2790 1488 2846 legitime
1503 2789 1764 2831 convocatis
1779 2794 1823 2830 et
1837 2803 2044 2844 praesen-
2059 2797 2096 2823 35

353 2868 476 2909 tibus
531 2867 835 2915 accessissent,
895 2863 1212 2906 restatuissent
1259 2862 1449 2903 eandem
1496 2860 1821 2916 possessionem
1880 2860 2044 2900 Zenth-

354 2938 596 2993 margytha
624 2941 847 2979 annotato
864 2935 1065 2990 Johanni
1086 2935 1251 2989 Ongor,
1273 2933 1367 2974 iure
1387 2931 1471 2973 sibi
1498 2945 1552 2972 ex
1573 2930 1828 2986 praemissis
1849 2930 2045 2971 attinen-

356 3009 475 3057 dam,
498 3012 717 3063 perpetuo
737 3006 1070 3062 possidendam;
1087 3003 1492 3047 contradictionem
1506 3001 1859 3057 praelibatorum
1875 2999 2047 3042 domini

504 3135 518 3156 ²
546 3135 593 3168 In
621 3134 826 3179 originali:
855 3134 1028 3168 habitas.
