2209 3643
165 211 226 244 29.
254 201 365 247 Junii
397 195 506 250 1489]
942 202 1018 237 No.
1041 213 1089 248 37
1815 210 1859 245 41

164 336 283 374 esset
324 332 558 388 potentiae
598 335 926 388 tantarumque
967 332 1146 382 virium,
1189 336 1240 374 ut
1282 331 1516 374 waivodae
1557 331 1700 374 futuri
1741 344 1865 373 arces

165 403 306 445 etiam
330 403 587 459 praedictas
611 403 822 446 facillime
846 417 1109 460 recuperare
1134 408 1300 459 posset.
1328 405 1520 459 Propter
1544 402 1668 458 quod
1691 403 1865 445 Turcus

165 473 477 517 inflammatus
515 473 668 529 copias
707 474 753 516 in
791 475 1070 518 Moldaviam
1110 479 1393 532 pugnaturas
1432 489 1455 517 e
1494 474 1686 529 vestigio
1725 473 1862 516 misit.

167 547 263 588 Nos
281 559 404 595 vero,
427 545 505 601 qui
526 545 651 588 illum
673 546 912 589 seductum
934 551 979 589 et
1001 561 1028 589 a
1048 547 1178 590 nobis
1199 546 1414 590 defecisse
1433 545 1646 596 vidimus,
1669 545 1864 588 Polonos

131 627 150 653 5
167 617 306 659 etiam
330 618 376 659 in
400 618 488 660 oris
511 617 767 659 Moldaviae
791 622 894 673 post
919 617 1080 660 datum
1116 619 1178 661 illi
1213 617 1534 661 investituram
1570 621 1757 673 agentes
1792 630 1864 659 ac·

168 687 383 743 cepimus,
400 688 732 745 ipsiwaivodae
747 689 962 744 opitulari
978 689 1218 732 noluimus.
1241 689 1330 732 Sed
1344 688 1423 730 ubi
1437 688 1528 730 iarn
1545 693 1652 730 sunt
1676 687 1859 731 Poloni?

165 758 258 803 Ubi
299 763 431 802 tanto
473 760 715 803 verborum
757 760 942 802 flumine
984 761 1255 815 promissum
1297 759 1574 802 subsidium?
1620 759 1712 802 Ubi
1753 759 1865 801 data

164 831 278 873 fides
321 844 491 880 eorum,
540 831 935 874 Reverendissima
979 832 1245 874 Dominatio
1272 833 1436 873 Vestra
1481 830 1691 886 accipiat.
1740 831 1863 872 Dum

166 901 362 957 turpiter
400 902 570 945 bellum
611 917 714 945 cum
754 903 937 945 Polonis
977 903 1022 944 in
1062 903 1294 945 Moldavia
1333 902 1545 958 coeperit,
1587 902 1698 944 dum
1733 914 1864 958 agros

110 981 148 1008 10
166 973 350 1029 impune
382 977 538 1015 vastat
570 978 616 1015 et
649 974 833 1029 praedia
865 978 1031 1016 cuncta
1062 974 1268 1030 populat,
1302 973 1461 1016 Poloni
1492 973 1667 1015 interea
1698 973 1744 1014 in
1776 972 1864 1014 oris

164 1057 342 1099 semper
367 1044 624 1086 Moldaviae
650 1045 829 1095 intenti,
858 1059 940 1087 nec
966 1059 1012 1087 se
1038 1059 1220 1100 quoque
1245 1049 1446 1087 movent.
1477 1045 1590 1087 Cum
1616 1058 1724 1087 vero
1750 1044 1864 1085 mul-

165 1121 265 1159 tum
289 1116 506 1171 temporis
530 1115 591 1157 ibi
614 1116 767 1158 hostes
789 1131 868 1172 spe
891 1131 1069 1172 pugnae
1093 1116 1269 1166 terruit,
1294 1120 1340 1157 et
1364 1116 1487 1158 illam
1511 1116 1682 1158 frustra
1704 1128 1863 1171 expec-

164 1191 263 1229 tare
287 1186 623 1241 conspicantur,
650 1187 909 1230 universam
941 1202 1041 1231 eam
1067 1188 1347 1243 provinciam
1385 1187 1502 1229 ferro
1539 1191 1584 1229 et
1622 1186 1723 1243 igne
1759 1200 1863 1228 con-

165 1261 353 1300 sumunt
384 1261 429 1299 et
451 1258 648 1300 abeunte
679 1273 793 1314 quos
813 1259 1000 1302 tandem
1022 1259 1180 1301 Poloni
1204 1272 1356 1301 versos
1378 1258 1423 1300 in
1446 1258 1603 1313 fugam
1628 1262 1864 1313 surgentes

109 1335 148 1363 15
165 1328 486 1372 ostentationis
536 1328 781 1372 dumtaxat
832 1343 968 1372 causa
1019 1330 1245 1385 aliquibus
1295 1329 1454 1372 diebus
1504 1343 1608 1371 cum
1659 1329 1863 1371 curribus

166 1400 363 1443 oneratis
393 1400 582 1455 aliisque
612 1400 816 1456 plurimis
846 1400 1182 1457 impedimentis
1212 1400 1445 1456 pedentim
1475 1400 1690 1456 lentoque
1719 1399 1864 1455 gradu

165 1470 341 1527 insequi
368 1475 613 1526 coeperunt
635 1486 644 1522 ;
673 1472 752 1513 sed
772 1473 873 1527 quis
900 1472 1052 1528 copias
1071 1471 1182 1514 levis
1203 1476 1475 1521 armaturae,
1499 1476 1551 1513 ut
1579 1475 1686 1513 sunt
1713 1471 1861 1520 Turci,

166 1543 370 1587 curribus
410 1547 455 1585 et
496 1543 632 1585 armis
671 1542 931 1599 impeditus,
973 1543 1111 1585 etiam
1152 1543 1188 1585 si
1227 1543 1377 1593 vellet,
1431 1546 1476 1584 et
1527 1542 1639 1584 nihil
1679 1542 1862 1585 omnino

164 1615 367 1670 fingeret,
389 1614 601 1656 insectari
621 1618 787 1669 potest,
809 1619 984 1669 quanto
1003 1614 1147 1670 magis
1166 1614 1338 1665 Poloni,
1355 1614 1434 1669 qui
1452 1627 1600 1669 neque
1619 1614 1863 1656 voluerunt

111 1692 148 1718 20
165 1690 210 1728 et
232 1699 380 1741 neque
403 1686 501 1728 ausi
524 1686 723 1734 fuerunt,
748 1686 845 1728 illos
868 1686 1043 1740 insequi
1066 1700 1156 1728 non
1180 1690 1429 1740 potuerunt
1450 1699 1459 1735 ;
1484 1689 1568 1727 etc.

309 1758 484 1799 Datum
512 1756 558 1798 in
585 1771 686 1799 arce
713 1762 869 1799 nostra
895 1757 1111 1806 Viennae,
1155 1757 1220 1798 18.
1258 1756 1542 1798 Novembris.
1571 1756 1706 1797 Anno
1735 1756 1859 1809 1485.

309 1858 447 1903 (Copia
471 1858 653 1903 simplex.
681 1858 1000 1897 Hofbibliothek,
1023 1858 1273 1892 Darmstadt.
1297 1857 1459 1891 Edidit:
1483 1856 1657 1891 Fraknoi
1676 1856 1700 1890 l.
1727 1867 1758 1890 c.
1781 1856 1860 1890 vol.

163 1917 218 1951 II.
250 1927 340 1962 pag.
372 1917 603 1960 296—298.)

977 2040 1045 2080 37.

107 2165 148 2191 25
724 2150 868 2200 Euda,
903 2162 972 2203 29.
1007 2149 1144 2203 Junii
1177 2149 1304 2203 1489.

192 2240 376 2279 Mathias
403 2253 475 2279 rex
504 2241 687 2280 Martino
715 2241 933 2291 Tharczay
960 2240 1106 2278 comiti
1133 2251 1395 2278 camerarum
1423 2239 1822 2289 Transylvanarum.

305 2346 448 2387 Paulo
477 2346 671 2399 Bekenyt
702 2358 786 2398 500
813 2359 965 2386 aureos
996 2345 1110 2386 tradi
1144 2344 1268 2392 iubet,
1302 2348 1348 2385 *nt
1379 2357 1446 2385 eos
1478 2343 1534 2384 ad
1564 2343 1744 2398 nuptias
1775 2344 1861 2394 filii

165 2418 370 2459 vaivodae
403 2417 658 2458 Moldavz'ae
691 2416 890 2457 adhibere
923 2416 1070 2470 possit.

310 2528 509 2571 Mathias
533 2528 617 2570 Dei
640 2528 788 2583 gratia
811 2542 889 2569 rex
914 2526 1176 2582 Hungariae
1200 2526 1552 2581 Bohemiaeque,
1577 2540 1753 2568 necnon
1768 2527 1863 2569 dux

110 2613 149 2640 30
166 2599 378 2642 Austriae
409 2603 495 2642 etc.

311 2670 499 2726 Egregie
531 2669 675 2712 fidelis
708 2669 837 2712 nobis
871 2668 1044 2711 dilecte.
1082 2667 1458 2710 Commiseramus
1491 2667 1559 2709 his
1593 2667 1751 2709 diebus
1784 2682 1864 2723 per

167 2741 277 2784 alias
302 2745 482 2784 nostras
508 2741 683 2783 civibus
708 2740 875 2782 nostris
902 2738 1351 2788 Koloswariensibus,
1379 2743 1431 2780 ut
1459 2738 1518 2780 ad
1543 2752 1705 2780 manus
1732 2739 1862 2781 Pauli

166 2813 336 2862 Beken‚
376 2812 700 2868 dispensatoris
738 2810 894 2860 nostri,
918 2809 1189 2866 quingentos
1212 2809 1310 2851 illos
1349 2823 1521 2858 aureos,
1561 2823 1675 2864 quos
1713 2810 1862 2852 adhuc

167 2883 297 2925 nobis
329 2884 502 2925 solvere
535 2883 779 2932 debebant,
815 2882 1041 2936 assignare
1075 2881 1305 2929 deberent,
1341 2881 1433 2935 qui,
1468 2884 1520 2922 ut
1554 2879 1860 2935 intelligimus,

111 2967 150 2994 35
167 2954 511 3009 responderunt,
541 2955 664 3009 quod
690 2953 781 2996 iam
809 2953 983 2995 dudum
1011 2953 1070 2995 ad
1096 2966 1258 2994 manus
1285 2956 1388 2994 tuas
1416 2952 1513 2993 illos
1541 2951 1859 3007 assignassent.

165 3025 285 3067 Scire
311 3029 465 3068 autem
491 3025 642 3075 debes,
669 3025 883 3080 pecunias
908 3023 1006 3065 illas
1032 3023 1091 3065 ad
1117 3022 1466 3064 celebrationem
1491 3022 1757 3077 nuptiarum
1782 3023 1862 3065 filii

167 3095 400 3138 waivodae
441 3096 762 3138 Moldaviensis
804 3094 1140 3149 deputavimus.
1184 3094 1300 3135 Eam
1343 3094 1401 3136 ob
1427 3107 1520 3135 rem
1563 3093 1774 3135 volumus
1815 3098 1861 3136 et

167 3166 252 3208 tibi
273 3167 616 3217 committimus,
638 3170 689 3208 ut
711 3166 882 3221 absque
903 3164 1025 3207 omni
1045 3178 1173 3206 mora
1192 3169 1236 3206 et
1258 3164 1529 3207 difficultate
1550 3164 1721 3207 dictam
1741 3178 1863 3206 sum-
