2209 3643
152 1779 200 1800 ν.
225 1772 299 1801 Dec.

329 178 399 211 128
1070 175 1144 209 No.
1169 184 1215 219 95
1705 170 1778 223 [12.
1799 175 1889 220 Jan.
1915 185 2010 220 1524

322 306 433 347 illud
470 306 525 347 de
562 305 656 346 iure
694 308 739 345 et
778 304 835 344 ab
874 303 1064 357 antiquo
1113 303 1440 357 spectantibus,
1492 303 1754 345 memoratis
1792 304 2013 346 Horwath

322 376 558 431 Logofeth,
584 375 725 416 Perwl
746 374 888 415 banol
910 378 955 414 et
978 374 1182 415 Wancha
1204 373 1433 428 Wyzther,
1457 374 1609 428 vigore
1632 374 1823 415 aliarum
1843 374 2014 416 littera-

321 461 421 488 rum
458 450 715 487 nostrarum
754 443 1115 485 donationalium
1153 444 1391 498 superinde
1429 445 1738 486 confectarum
1775 445 2014 486 contuleri—

323 531 424 558 mus
466 516 747 569 velimusque
778 514 959 556 eosdem
991 515 1036 555 in
1068 514 1320 556 dominium
1351 515 1552 556 eiusdem
1583 520 1627 556 et
1660 515 1904 557 eorundem
1935 530 2015 571 per

320 592 527 629 nostrum
554 590 599 627 et
628 590 831 627 vestrum
858 585 1062 626 homines
1090 586 1287 640 legitime
1315 586 1460 627 facere
1488 585 1726 628 introduci.
1754 586 1897 641 Super
1923 600 2014 641 quo
2052 600 2069 626 5

320 656 553 700 Fidelitati
586 657 773 698 Vestrae
807 657 968 697 harum
1002 656 1113 698 serie
1145 657 1334 697 firmiter
1367 657 1694 711 praecipientes
1727 657 2013 707 mandamus,

320 733 546 783 quatenus
590 732 792 769 vestrum
843 727 1041 768 mittatis
1084 727 1313 769 hominem
1358 741 1440 782 pro
1482 727 1747 769 testimonio
1788 727 1877 769 fide
1920 727 2013 782 dig-

320 814 444 848 num,
484 812 575 853 quo
614 803 851 853 praesente
880 798 1117 839 Ladisiaus
1149 798 1318 853 Folthy
1469 797 1730 840 introducat
1784 798 2016 853 praefatos

321 870 543 912 Horwath
565 869 802 924 Logofeth,
825 868 985 910 Perwl2
1013 869 1184 910 banum
1200 874 1245 910 et
1260 869 1465 910 Wancha
1478 869 1696 924 Wyzther
1709 869 1946 911 boiarones
1971 869 2018 911 in

321 941 571 982 dominium
604 940 803 981 eiusdem
853 944 1122 994 statuatque
1155 940 1313 981 eadem
1347 940 1514 981 eisdem
1541 940 1811 994 praemissae
1836 944 2017 982 nostrae
2033 952 2067 979 lo

321 1011 578 1053 donationis
592 1011 729 1052 titulo
748 1011 856 1066 ipsis
872 1011 1152 1052 incumbenti
1166 1015 1387 1066 perpetuo
1407 1011 1690 1065 possidenda,
1711 1011 1749 1052 si
1765 1024 1855 1052 non
1882 1011 2017 1053 fuerit

321 1082 668 1124 contradictum.
705 1081 1069 1124 Contradictores
1102 1096 1222 1131 vero,
1262 1082 1298 1123 si
1324 1082 1402 1136 qui
1429 1082 1609 1131 fuerint,
1648 1086 1804 1123 evocet
1837 1081 2017 1123 eosdem

321 1158 479 1195 contra
510 1157 756 1195 annotatos
788 1153 1025 1194 boiarones
1058 1153 1117 1194 ad
1149 1153 1395 1194 terminum
1429 1157 1794 1207 competentem;
1829 1156 1913 1194 etc.

465 1224 639 1265 Datum
670 1224 842 1273 Eudae,
877 1224 987 1265 feria
1017 1224 1154 1265 tertia
1184 1228 1292 1265 ante
1322 1224 1491 1265 festum
1522 1223 1818 1265 Beatissimae
1848 1223 2017 1265 Mariae

320 1295 374 1337 de
405 1295 534 1337 Nive.
566 1295 698 1336 Anno
729 1295 913 1336 Domini
942 1294 1178 1336 Millesimo
1219 1294 1579 1349 quingentesimo
1621 1294 1836 1349 vigesimo
1867 1294 2015 1336 tertio.
2034 1306 2069 1333 15

461 1386 655 1425 Titulus:
693 1386 910 1425 Fidelibus
945 1386 1099 1424 nostris
1132 1385 1322 1437 capitulo
1357 1385 1553 1424 ecclesiae
1587 1385 1780 1424 Albensis
1814 1385 2015 1424 Transsil-

318 1458 453 1484 vanae
474 1457 551 1497 pro
581 1445 814 1495 Magnificis
831 1446 1039 1484 Horwath
1055 1445 1264 1496 Logofeth
1280 1445 1412 1484 Perwl
1427 1444 1526 1483 bani
1541 1448 1582 1483 et
1596 1445 1786 1484 Wancha
1799 1445 2013 1496 Wyzther.

321 1504 616 1543 Inroductoria
643 1509 684 1543 et
713 1504 955 1543 statutoria.

568 1590 796 1635 (Originale.
825 1591 1020 1635 Orszagos
1047 1590 1244 1630 Leveltar,
1274 1591 1494 1635 Budapest.
1523 1589 1585 1623 Dl.
1615 1590 1766 1633 31040.)

466 1686 727 1740 Exequutio
750 1686 959 1741 praefata
981 1687 1105 1728 facta
1127 1690 1194 1727 est
1218 1686 1264 1726 in
1287 1685 1404 1727 festo
1427 1684 1559 1726 Beati
1578 1684 1801 1738 Johannis
1824 1684 2018 1739 apostoli
2031 1696 2067 1723 20

325 1762 369 1799 et
414 1756 719 1812 evangelistae
763 1757 942 1799 noviter
985 1757 1233 1812 praeterito
1277 1756 1336 1798 ad
1379 1756 1515 1797 facies
1553 1755 1817 1810 praescripti
1861 1755 2017 1810 oppidi

321 1828 516 1883 Aldyod.
559 1828 845 1870 Contradixit
885 1828 957 1869 die
995 1828 1261 1870 statutionis
1299 1827 1457 1868 eadem
1495 1826 1656 1868 nobilis
1691 1826 1924 1880 Johannes
1962 1826 2018 1868 de

322 1899 531 1940 Kemend
556 1899 815 1941 nominibus
841 1903 886 1941 et
915 1899 960 1940 in
986 1899 1186 1954 personis
1212 1898 1422 1953 plurium,
1450 1897 1682 1951 alteraque
1708 1897 1779 1938 die
1804 1897 2017 1938 statutio-

320 1970 389 2011 nis
417 1970 580 2011 nobilis
609 1970 794 2012 domina
822 1970 1111 2025 Margaretha
1138 1969 1295 2011 relicta
1335 1968 1567 2023 quondam
1608 1967 1778 2009 domini
1819 1967 2017 2009 Ladislai

322 2041 553 2083 Palathicz
578 2041 633 2083 de
657 2041 853 2096 Aldyod.
2030 2050 2069 2076 25

1134 2156 1201 2198 95.

804 2267 1016 2320 Ροῑεοηγ,
1049 2278 1118 2307 12.
1151 2265 1368 2318 januarii
1399 2276 1526 2318 1524.

320 2356 558 2396 Ludovicus
587 2357 643 2396 II.
675 2370 747 2396 rex
777 2357 1021 2408 Hungariae
1049 2356 1206 2396 oratori
1227 2368 1315 2401 sUO‚
1341 2355 1558 2407 Stephano
1579 2354 1810 2400 Broderics,
1841 2354 2013 2393 Romae.

460 2456 705 2498 Relationes
725 2455 1267 2498 vaivodarnm[Uoldaviae
1286 2459 1323 2496 et
1342 2454 1570 2497 Valaclziae
1587 2454 1637 2495 de
1659 2454 1814 2495 Turcis
1833 2457 2013 2508 agentes.

466 2563 700 2604 Habemus
723 2563 843 2605 enim
871 2576 1024 2605 recens
1048 2577 1103 2604 ex
1126 2561 1360 2617 wayvodis
1384 2561 1596 2602 Moldavo
1635 2565 1680 2602 et
1703 2559 2013 2614 Transalpino,
2030 2580 2066 2606 30

322 2633 507 2687 aliisque
546 2634 909 2689 exploratoribus
948 2634 1162 2675 nuntium
1202 2633 1450 2674 destinasse
1489 2632 1657 2673 Turcas
1696 2630 1818 2672 omni
1856 2644 2015 2684 genere

322 2708 626 2757 apparatuum
660 2705 1033 2746 instructissimos
1062 2704 1268 2759 proximo
1302 2717 1455 2745 mense
1488 2702 1652 2743 Martio
1698 2715 1885 2755 regnum
1930 2700 2015 2742 hoc

321 2778 526 2815 nostrum
566 2775 769 2816 Tartaris
810 2775 949 2817 etiam
990 2775 1035 2816 in
1076 2775 1341 2816 societatem
1381 2773 1487 2814 belli
1518 2772 1743 2814 adiunctis
1784 2770 2011 2812 invadere.

466 2845 639 2886 Datum
684 2846 879 2894 Posonii‚
926 2846 1036 2887 feria
1079 2845 1216 2887 tertia
1259 2845 1380 2886 intra
1423 2848 1609 2885 octavas
1653 2841 2013 2896 Epiphaniarum

324 2914 518 2955 Domini.
545 2915 676 2956 Anno
707 2916 907 2957 eiusdem
937 2926 1060 2969 1524.
2027 2921 2066 2947 35

641 3008 778 3054 (Copia
802 3019 961 3049 coaeva,
987 3007 1276 3050 StaatsarchiV,
1293 3007 1418 3041 Wien.
1445 3004 1702 3050 Hungarica.)

462 3146 484 3190 1‘
499 3146 547 3179 In
570 3147 752 3191 originaii
771 3177 775 3180 .
801 3148 908 3182 bani.
1086 3148 1100 3168 2
1122 3149 1269 3183 Recte:
1308 3143 1464 3180 Parvul.
