2209 3643
192 212 250 247 15.
273 203 386 237 Febr.
412 196 522 251 1531]
952 201 1026 236 No.
1053 202 1121 246 184
1811 212 1882 246 223

186 327 269 374 Mtis
305 332 397 373 Vm-
435 346 525 375 non
564 332 694 387 longe
732 346 758 374 a
783 332 1121 374 Transsilvania
1147 332 1358 381 abfuisse,
1392 337 1436 374 et
1463 332 1734 375 nuntiarunt
1773 333 1883 375 Tur-

186 417 341 446 carum
369 407 617 459 tyrannum
645 403 882 452 Moldavis‚
910 403 1218 458 Transalpinis
1245 408 1290 446 et
1318 404 1650 446 Transsilvanis
1677 403 1882 452 edixisse,

186 479 238 516 ut
279 474 364 517 sub
406 475 593 517 ultimae
634 473 1026 516 exterminationis
1067 488 1214 529 poena
1255 475 1314 517 ad
1354 475 1613 530 proximum
1655 489 1733 517 ver
1774 474 1884 517 totis

186 545 360 587 viribus
404 545 449 587 in
493 545 628 586 armis
672 544 763 586 sint
820 545 1077 600 iunctisque
1121 546 1279 588 castris
1323 551 1367 588 et
1413 546 1549 587 armis
1592 546 1883 588 Germaniam

154 616 423 659 5invadant.
458 616 545 671 Qui
575 615 709 657 huius
739 615 862 658 dirae
893 616 954 658 rei
985 616 1192 659 novitate
1223 617 1428 672 perculsi,
1461 631 1603 672 quum
1633 618 1883 659 Turcarum

187 687 476 743 tyrannidem
512 686 758 742 plurimum
792 692 1049 737 vereantur,
1085 693 1247 743 rogant
1281 693 1326 730 et
1362 688 1615 737 obsecrant,
1653 693 1703 730 ut
1738 702 1791 730 ea
1815 682 1883 730 Mti

186 759 275 800 V¹“'¹e
308 764 492 813 repente
518 757 795 807 nuntiemus,
827 763 879 800 ut
910 759 945 800 si
977 760 1093 801 forte
1132 759 1345 801 Maiestas
1387 760 1457 801 V¹²¹
1488 759 1618 814 plura
1660 759 1885 814 praesidia

185 833 292 871 ante
339 829 457 871 veris
505 828 687 870 initium
736 829 780 870 in
828 830 1214 872 Transsilvaniam
1264 830 1481 879 mitteret,
1532 830 1698 885 quibus
1728 830 1884 872 Turcis

184 900 389 942 resistere
439 904 655 955 possent;
703 900 782 942 sed
834 901 911 943 ubi
963 901 1215 956 intelligent
1270 901 1519 943 exercitum
1574 906 1782 943 nostrum
1837 916 1882 943 re

131 985 167 1011 10
184 970 353 1013 infecta
394 971 555 1026 pedem
596 971 815 1020 retulisse,
857 972 1094 1021 nescimus,
1137 972 1248 1027 quid
1287 972 1381 1027 spei
1422 971 1506 1013 sibi
1540 977 1809 1027 proponent,
1838 972 1884 1014 si

185 1041 372 1083 caeteris
416 1042 526 1083 item
569 1042 715 1097 regnis
759 1043 1024 1098 propinquis
1067 1043 1296 1085 consulere
1340 1043 1571 1092 vellemus,
1616 1043 1662 1084 id
1705 1047 1883 1085 mature

184 1116 229 1154 et
251 1111 346 1154 sine
368 1126 495 1154 mora
516 1113 611 1162 fiat,
636 1127 920 1168 summopere
942 1114 1243 1156 necessarium
1275 1118 1392 1155 esset
1411 1128 1419 1163 ;
1453 1118 1538 1156 etc.

329 1184 401 1225 Ex
425 1184 615 1233 Vienna,
642 1197 681 1238 3.
706 1184 927 1238 Januarii.
955 1185 1088 1226 Anno
1114 1185 1298 1226 Domini
1326 1195 1450 1238 1531.

330 1290 857 1334 (Originale.Staatsarchiv‚
875 1291 999 1324 W'ien.
1018 1290 1258 1335 Hungarica.
1287 1291 1450 1326 Edidit:
1481 1291 1628 1326 Archiv
1655 1292 1724 1327 des
1750 1292 1883 1327 Verei-

131 1352 165 1379 15
184 1360 253 1384 nes
282 1349 347 1384 fiir
374 1349 721 1394 siebenbi'irgische
754 1350 1050 1385 Landeskunde
1081 1349 1159 1384 vol.
1186 1351 1243 1384 28.
1268 1360 1357 1396 pag.
1382 1352 1612 1396 510—511.)

983 1525 1080 1566 184„

673 1634 864 1683 Hcirlffzu,
896 1646 964 1688 15.
1001 1634 1234 1676 Februarii
1264 1646 1391 1688 1531.

336 1726 486 1763 Petrus
510 1725 641 1778 Rares
664 1724 848 1763 vaivoda
871 1724 1106 1764 Moldaviae
1128 1724 1302 1764 Nicolao
1325 1725 1504 1765 Gerendi
1527 1731 1568 1765 et
1592 1726 1725 1765 sociis.

323 1825 612 1881 Responsum.
650 1824 898 1867 Consilium
947 1839 1093 1867 eorum
1140 1825 1362 1867 intellexit.
1410 1826 1501 1867 Rex
1554 1826 1753 1879 Ioannes
1812 1840 1880 1868 ex-

125 1908 162 1935 20
181 1900 385 1952 pectatm.

329 2003 491 2044 Petrus
518 2001 728 2044 waivoda
757 2001 841 2043 Dei
868 2001 1016 2056 gratia
1044 2002 1254 2044 dominus
1283 2002 1406 2057 regni
1436 2002 1705 2044 Moldaviae.

329 2072 734 2121 Reverendissime,
770 2072 996 2127 Magnifici
1030 2077 1074 2114 et
1109 2073 1288 2128 Egregii
1321 2073 1450 2114 amici
1486 2073 1880 2116 honorandissimi.

184 2144 266 2192 Ea,
289 2157 406 2199 quae
426 2143 557 2185 nobis
578 2143 623 2185 in
637 2143 926 2199 responsione
946 2148 1103 2185 nostra
1123 2143 1332 2192 scribitis,
1356 2144 1414 2185 ad
1434 2158 1633 2199 unguem
1660 2144 1882 2186 intellexi-

184 2227 298 2256 mus.
337 2214 545 2256 Vidimus
582 2214 847 2270 perpulchre
885 2214 1197 2255 exanimatum
1223 2219 1427 2256 vestrum
1464 2215 1751 2265 desiderium,
1790 2215 1881 2256 iarn

129 2299 167 2327 25
185 2285 383 2340 amplius
412 2299 494 2327 nec
524 2299 613 2334 ore,
645 2299 791 2340 neque
821 2284 983 2326 litteris
1013 2285 1323 2334 adhortamur,
1356 2285 1434 2327 sed
1465 2286 1562 2327 Deo
1592 2286 1720 2335 duce,
1752 2286 1883 2327 unice

186 2355 351 2397 summi
403 2356 689 2411 imperatoris
740 2357 989 2398 Turcorum
1042 2360 1086 2397 et
1139 2356 1311 2398 virtute
1362 2357 1658 2398 Tartarorum
1710 2356 1883 2411 absque

185 2426 325 2468 dubio
351 2426 539 2482 aspirari
565 2431 610 2469 et
637 2431 915 2481 attemptare
940 2426 1164 2475 volumus,
1192 2431 1238 2468 et
1264 2431 1417 2468 vestro
1443 2426 1605 2468 timore
1631 2441 1687 2468 ne
1712 2432 1882 2482 perter-

184 2496 336 2546 reatis‚
384 2497 634 2552 expectetis
687 2498 855 2539 alacres
911 2497 1065 2538 Ser¹¹¹¹¹¹n
1124 2497 1359 2538 dominum
1415 2498 1673 2552 Johannem
1732 2511 1882 2552 regem

186 2567 447 2622 Hungariae
493 2568 679 2623 eiusque
713 2569 964 2610 adventum
999 2567 1262 2622 propediem
1296 2567 1406 2609 inibi
1440 2567 1702 2623 expectetis.

131 2652 169 2679 30
331 2638 505 2680 Datum
526 2639 743 2682 Baloviae
763 2639 874 2681 feria
899 2642 1065 2693 quarta
1088 2642 1193 2692 post
1219 2638 1387 2679 festum
1407 2638 1639 2680 Valentini
1666 2638 1878 2680 martiris.

185 2708 318 2750 Anno
344 2719 468 2761 1531.

325 2812 556 2851 Intitulatio
575 2825 588 2851 .·
625 2813 712 2851 R¹¹³⁰
742 2811 973 2862 Magnificis
1009 2815 1051 2850 et
1075 2810 1260 2861 Egregiis
1291 2811 1471 2850 dominis
1502 2811 1676 2850 Nicolao
1702 2811 1881 2851 Gerendi

187 2869 382 2922 episcopo
400 2870 708 2916 Transsilvano,
726 2872 914 2923 Gasparo
931 2871 1138 2915 Horvath,
1162 2870 1302 2909 Marco
1328 2871 1594 2922 Pemffiinger
1619 2874 1696 2910 etc.
1726 2870 1882 2909 Amicis

189 2929 310 2968 nobis
340 2931 606 2969 honorandis.

131 3039 166 3065 35
545 3029 771 3075 (Originale.
803 3028 1089 3067 Staatsarehiv,
1124 3027 1249 3062 Wien.
1284 3028 1541 3073 Hungarica.)
