<?xml version="1.0" encoding="UTF-8"?>
<!DOCTYPE html PUBLIC "-//W3C//DTD XHTML 1.0 Transitional//EN"
    "http://www.w3.org/TR/xhtml1/DTD/xhtml1-transitional.dtd">
<html xmlns="http://www.w3.org/1999/xhtml" xml:lang="en" lang="en">
 <head>
  <title>
</title>
<meta http-equiv="Content-Type" content="text/html;charset=utf-8" />
  <meta name='ocr-system' content='tesseract 3.04.00' />
  <meta name='ocr-capabilities' content='ocr_page ocr_carea ocr_par ocr_line ocrx_word'/>
</head>
<body>
  <div class='ocr_page' id='page_1' title='image "actaetepistolaer01vereuoft_0314.png"; bbox 0 0 2209 3643; ppageno 0'>
   <div class='ocr_carea' id='block_1_1' title="bbox 313 185 2008 240">
    <p class='ocr_par' dir='ltr' id='par_1_1' title="bbox 313 185 2008 240">
     <span class='ocr_line' id='line_1_1' title="bbox 313 185 2008 240; baseline -0.002 -11"><span class='ocrx_word' id='word_1_1' title='bbox 313 196 384 229; x_wconf 81' lang='lat'>282</span> <span class='ocrx_word' id='word_1_2' title='bbox 1078 191 1152 225; x_wconf 90' lang='lat' dir='ltr'>No.</span> <span class='ocrx_word' id='word_1_3' title='bbox 1178 192 1250 233; x_wconf 86' lang='lat'>236</span> <span class='ocrx_word' id='word_1_4' title='bbox 1691 185 1763 240; x_wconf 87' lang='lat'>[19.</span> <span class='ocrx_word' id='word_1_5' title='bbox 1787 190 1886 236; x_wconf 86' lang='lat' dir='ltr'><strong>Aug.</strong></span> <span class='ocrx_word' id='word_1_6' title='bbox 1913 191 2008 236; x_wconf 85' lang='lat'>1538</span> 
     </span>
    </p>
   </div>
   <div class='ocr_carea' id='block_1_2' title="bbox 302 316 2063 3068">
    <p class='ocr_par' dir='ltr' id='par_1_2' title="bbox 304 316 2063 1936">
     <span class='ocr_line' id='line_1_2' title="bbox 313 316 2010 379; baseline -0.002 -12"><span class='ocrx_word' id='word_1_7' title='bbox 313 325 426 367; x_wconf 86' lang='lat' dir='ltr'>nihil</span> <span class='ocrx_word' id='word_1_8' title='bbox 455 338 593 379; x_wconf 90' lang='lat' dir='ltr'>opum</span> <span class='ocrx_word' id='word_1_9' title='bbox 624 328 668 365; x_wconf 90' lang='lat' dir='ltr'>et</span> <span class='ocrx_word' id='word_1_10' title='bbox 699 323 862 364; x_wconf 88' lang='lat' dir='ltr'>virium</span> <span class='ocrx_word' id='word_1_11' title='bbox 892 326 1152 363; x_wconf 89' lang='lat' dir='ltr'>nostrarum</span> <span class='ocrx_word' id='word_1_12' title='bbox 1183 320 1384 362; x_wconf 83' lang='lat' dir='ltr'>conferre</span> <span class='ocrx_word' id='word_1_13' title='bbox 1426 334 1546 361; x_wconf 91' lang='lat' dir='ltr'>nunc</span> <span class='ocrx_word' id='word_1_14' title='bbox 1589 333 1691 361; x_wconf 91' lang='lat' dir='ltr'>cum</span> <span class='ocrx_word' id='word_1_15' title='bbox 1733 316 1807 361; x_wconf 82' lang='lat' dir='ltr'>Mte</span> <span class='ocrx_word' id='word_1_16' title='bbox 1848 321 1919 362; x_wconf 75' lang='lat' dir='ltr'>Vra</span> <span class='ocrx_word' id='word_1_17' title='bbox 1965 325 2010 363; x_wconf 90' lang='lat' dir='ltr'>et</span> 
     </span>
     <span class='ocr_line' id='line_1_3' title="bbox 313 391 2010 449; baseline -0.004 -11"><span class='ocrx_word' id='word_1_18' title='bbox 313 396 412 438; x_wconf 88' lang='lat' dir='ltr'>aliis</span> <span class='ocrx_word' id='word_1_19' title='bbox 455 394 732 449; x_wconf 89' lang='lat' dir='ltr'>principibus</span> <span class='ocrx_word' id='word_1_20' title='bbox 774 405 1028 447; x_wconf 91' lang='lat' dir='ltr'>possumus,</span> <span class='ocrx_word' id='word_1_21' title='bbox 1072 391 1219 433; x_wconf 90' lang='lat' dir='ltr'>multa</span> <span class='ocrx_word' id='word_1_22' title='bbox 1259 391 1536 432; x_wconf 90' lang='lat' dir='ltr'>documenta</span> <span class='ocrx_word' id='word_1_23' title='bbox 1588 391 1746 432; x_wconf 75' lang='lat' dir='ltr'>afferre</span> <span class='ocrx_word' id='word_1_24' title='bbox 1798 404 1889 433; x_wconf 93' lang='lat' dir='ltr'>non</span> <span class='ocrx_word' id='word_1_25' title='bbox 1942 396 2010 433; x_wconf 87' lang='lat' dir='ltr'>est</span> 
     </span>
     <span class='ocr_line' id='line_1_4' title="bbox 312 461 2009 518; baseline -0.002 -10"><span class='ocrx_word' id='word_1_26' title='bbox 312 479 502 508; x_wconf 88' lang='lat' dir='ltr'>necesse.</span> <span class='ocrx_word' id='word_1_27' title='bbox 534 466 652 507; x_wconf 89' lang='lat' dir='ltr'>Nam</span> <span class='ocrx_word' id='word_1_28' title='bbox 679 467 859 518; x_wconf 88' lang='lat' dir='ltr'>praeter</span> <span class='ocrx_word' id='word_1_29' title='bbox 884 462 982 504; x_wconf 91' lang='lat' dir='ltr'>illos</span> <span class='ocrx_word' id='word_1_30' title='bbox 1006 461 1337 504; x_wconf 89' lang='lat' dir='ltr'>anniversarios</span> <span class='ocrx_word' id='word_1_31' title='bbox 1362 466 1587 516; x_wconf 85' lang='lat' dir='ltr'>sumptus,</span> <span class='ocrx_word' id='word_1_32' title='bbox 1617 475 1730 516; x_wconf 93' lang='lat' dir='ltr'>quos</span> <span class='ocrx_word' id='word_1_33' title='bbox 1756 461 1801 502; x_wconf 92' lang='lat' dir='ltr'>in</span> <span class='ocrx_word' id='word_1_34' title='bbox 1827 462 2009 518; x_wconf 88' lang='lat' dir='ltr'>propul-</span> 
     </span>
     <span class='ocr_line' id='line_1_5' title="bbox 310 532 2008 587; baseline -0.002 -9"><span class='ocrx_word' id='word_1_35' title='bbox 310 537 462 578; x_wconf 87' lang='lat' dir='ltr'>sandis</span> <span class='ocrx_word' id='word_1_36' title='bbox 485 533 835 582; x_wconf 79' lang='lat' dir='ltr'>immanissimis,</span> <span class='ocrx_word' id='word_1_37' title='bbox 852 547 943 574; x_wconf 94' lang='lat' dir='ltr'>non</span> <span class='ocrx_word' id='word_1_38' title='bbox 966 538 1064 575; x_wconf 90' lang='lat' dir='ltr'>tam</span> <span class='ocrx_word' id='word_1_39' title='bbox 1086 533 1265 581; x_wconf 80' lang='lat' dir='ltr'>nostris,</span> <span class='ocrx_word' id='word_1_40' title='bbox 1283 546 1422 587; x_wconf 92' lang='lat' dir='ltr'>quam</span> <span class='ocrx_word' id='word_1_41' title='bbox 1445 532 1588 574; x_wconf 91' lang='lat' dir='ltr'>totius</span> <span class='ocrx_word' id='word_1_42' title='bbox 1609 532 1843 574; x_wconf 87' lang='lat' dir='ltr'>christiani</span> <span class='ocrx_word' id='word_1_43' title='bbox 1865 532 2008 574; x_wconf 89' lang='lat' dir='ltr'>nomi-</span> 
     </span>
     <span class='ocr_line' id='line_1_6' title="bbox 310 603 2063 658; baseline -0.003 -9"><span class='ocrx_word' id='word_1_44' title='bbox 310 608 378 648; x_wconf 86' lang='lat' dir='ltr'>nis</span> <span class='ocrx_word' id='word_1_45' title='bbox 403 607 603 649; x_wconf 89' lang='lat' dir='ltr'>hostium</span> <span class='ocrx_word' id='word_1_46' title='bbox 627 606 922 647; x_wconf 87' lang='lat' dir='ltr'>Tartarorum</span> <span class='ocrx_word' id='word_1_47' title='bbox 948 603 1292 652; x_wconf 88' lang='lat' dir='ltr'>incursionibus,</span> <span class='ocrx_word' id='word_1_48' title='bbox 1318 617 1400 658; x_wconf 85' lang='lat' dir='ltr'>pro</span> <span class='ocrx_word' id='word_1_49' title='bbox 1425 603 1543 645; x_wconf 90' lang='lat' dir='ltr'>virili</span> <span class='ocrx_word' id='word_1_50' title='bbox 1568 607 1737 653; x_wconf 86' lang='lat' dir='ltr'>nostra,</span> <span class='ocrx_word' id='word_1_51' title='bbox 1763 603 1858 653; x_wconf 85' lang='lat' dir='ltr'>soli,</span> <span class='ocrx_word' id='word_1_52' title='bbox 1885 603 2009 646; x_wconf 88' lang='lat' dir='ltr'>omni</span> <span class='ocrx_word' id='word_1_53' title='bbox 2047 617 2063 643; x_wconf 85' lang='lat'>5</span> 
     </span>
     <span class='ocr_line' id='line_1_7' title="bbox 309 673 2009 730; baseline -0.002 -11"><span class='ocrx_word' id='word_1_54' title='bbox 309 678 499 719; x_wconf 91' lang='lat' dir='ltr'>aliorum</span> <span class='ocrx_word' id='word_1_55' title='bbox 516 676 865 718; x_wconf 89' lang='lat' dir='ltr'>christianorum</span> <span class='ocrx_word' id='word_1_56' title='bbox 882 675 1138 730; x_wconf 84' lang='lat' dir='ltr'>principum</span> <span class='ocrx_word' id='word_1_57' title='bbox 1155 673 1325 716; x_wconf 83' lang='lat' dir='ltr'>auxilio</span> <span class='ocrx_word' id='word_1_58' title='bbox 1340 674 1550 716; x_wconf 86' lang='lat' dir='ltr'>destituti</span> <span class='ocrx_word' id='word_1_59' title='bbox 1566 673 1771 723; x_wconf 74' lang='lat' dir='ltr'>facimus,</span> <span class='ocrx_word' id='word_1_60' title='bbox 1789 674 1835 716; x_wconf 90' lang='lat' dir='ltr'>id</span> <span class='ocrx_word' id='word_1_61' title='bbox 1862 674 2009 716; x_wconf 85' lang='lat' dir='ltr'>solum</span> 
     </span>
     <span class='ocr_line' id='line_1_8' title="bbox 306 745 2009 803; baseline -0.002 -13"><span class='ocrx_word' id='word_1_62' title='bbox 306 748 417 790; x_wconf 89' lang='lat' dir='ltr'>satis</span> <span class='ocrx_word' id='word_1_63' title='bbox 455 752 608 803; x_wconf 89' lang='lat' dir='ltr'>potest</span> <span class='ocrx_word' id='word_1_64' title='bbox 646 747 846 788; x_wconf 90' lang='lat' dir='ltr'>rationes</span> <span class='ocrx_word' id='word_1_65' title='bbox 883 750 1064 787; x_wconf 89' lang='lat' dir='ltr'>nostras</span> <span class='ocrx_word' id='word_1_66' title='bbox 1102 745 1340 800; x_wconf 83' lang='lat' dir='ltr'>explicare,</span> <span class='ocrx_word' id='word_1_67' title='bbox 1381 745 1505 799; x_wconf 93' lang='lat' dir='ltr'>quod</span> <span class='ocrx_word' id='word_1_68' title='bbox 1541 745 1769 801; x_wconf 83' lang='lat' dir='ltr'>superiore</span> <span class='ocrx_word' id='word_1_69' title='bbox 1806 758 1926 787; x_wconf 93' lang='lat' dir='ltr'>anno</span> <span class='ocrx_word' id='word_1_70' title='bbox 1963 749 2009 786; x_wconf 89' lang='lat' dir='ltr'>et</span> 
     </span>
     <span class='ocr_line' id='line_1_9' title="bbox 308 815 2007 871; baseline -0.002 -11"><span class='ocrx_word' id='word_1_71' title='bbox 308 819 518 860; x_wconf 80' lang='lat' dir='ltr'>Valachi1</span> <span class='ocrx_word' id='word_1_72' title='bbox 554 817 827 866; x_wconf 81' lang='lat' dir='ltr'>temeritate,</span> <span class='ocrx_word' id='word_1_73' title='bbox 865 821 909 858; x_wconf 92' lang='lat' dir='ltr'>et</span> <span class='ocrx_word' id='word_1_74' title='bbox 946 816 1206 858; x_wconf 82' lang='lat' dir='ltr'>domesticis</span> <span class='ocrx_word' id='word_1_75' title='bbox 1241 830 1293 858; x_wconf 89' lang='lat' dir='ltr'>ac</span> <span class='ocrx_word' id='word_1_76' title='bbox 1328 816 1425 857; x_wconf 90' lang='lat' dir='ltr'>aliis</span> <span class='ocrx_word' id='word_1_77' title='bbox 1459 816 1719 858; x_wconf 90' lang='lat' dir='ltr'>necessariis</span> <span class='ocrx_word' id='word_1_78' title='bbox 1753 815 2007 871; x_wconf 90' lang='lat' dir='ltr'>impendiis,</span> 
     </span>
     <span class='ocr_line' id='line_1_10' title="bbox 307 887 2009 944; baseline -0.001 -13"><span class='ocrx_word' id='word_1_79' title='bbox 307 903 413 944; x_wconf 92' lang='lat' dir='ltr'>opes</span> <span class='ocrx_word' id='word_1_80' title='bbox 432 893 615 931; x_wconf 87' lang='lat' dir='ltr'>nostrae</span> <span class='ocrx_word' id='word_1_81' title='bbox 633 888 723 929; x_wconf 89' lang='lat' dir='ltr'>sint</span> <span class='ocrx_word' id='word_1_82' title='bbox 744 892 1013 929; x_wconf 77' lang='lat' dir='ltr'>attenuatae</span> <span class='ocrx_word' id='word_1_83' title='bbox 1032 892 1077 928; x_wconf 93' lang='lat' dir='ltr'>et</span> <span class='ocrx_word' id='word_1_84' title='bbox 1096 888 1360 929; x_wconf 82' lang='lat' dir='ltr'>exhaustae.</span> <span class='ocrx_word' id='word_1_85' title='bbox 1384 887 1517 928; x_wconf 92' lang='lat' dir='ltr'>Nunc</span> <span class='ocrx_word' id='word_1_86' title='bbox 1536 887 1675 928; x_wconf 89' lang='lat' dir='ltr'>etiam</span> <span class='ocrx_word' id='word_1_87' title='bbox 1695 887 1838 942; x_wconf 82' lang='lat' dir='ltr'>magis</span> <span class='ocrx_word' id='word_1_88' title='bbox 1856 887 2009 941; x_wconf 86' lang='lat' dir='ltr'>palam</span> 
     </span>
     <span class='ocr_line' id='line_1_11' title="bbox 307 957 2059 1014; baseline -0.001 -12"><span class='ocrx_word' id='word_1_89' title='bbox 307 965 373 1002; x_wconf 90' lang='lat' dir='ltr'>est</span> <span class='ocrx_word' id='word_1_90' title='bbox 396 960 620 1008; x_wconf 89' lang='lat' dir='ltr'>omnibus,</span> <span class='ocrx_word' id='word_1_91' title='bbox 643 973 796 1014; x_wconf 92' lang='lat' dir='ltr'>quam,</span> <span class='ocrx_word' id='word_1_92' title='bbox 818 963 869 1000; x_wconf 88' lang='lat' dir='ltr'>ut</span> <span class='ocrx_word' id='word_1_93' title='bbox 891 958 1118 1013; x_wconf 86' lang='lat' dir='ltr'>aliquibus</span> <span class='ocrx_word' id='word_1_94' title='bbox 1138 957 1410 999; x_wconf 88' lang='lat' dir='ltr'>testimoniis</span> <span class='ocrx_word' id='word_1_95' title='bbox 1430 957 1716 1012; x_wconf 90' lang='lat' dir='ltr'>comprobari</span> <span class='ocrx_word' id='word_1_96' title='bbox 1735 957 1794 999; x_wconf 91' lang='lat' dir='ltr'>sit</span> <span class='ocrx_word' id='word_1_97' title='bbox 1813 970 2006 1008; x_wconf 91' lang='lat' dir='ltr'>necesse,</span> <span class='ocrx_word' id='word_1_98' title='bbox 2024 965 2059 996; x_wconf 95' lang='lat'>10</span> 
     </span>
     <span class='ocr_line' id='line_1_12' title="bbox 306 1028 2002 1085; baseline -0.002 -13"><span class='ocrx_word' id='word_1_99' title='bbox 306 1044 388 1073; x_wconf 90' lang='lat' dir='ltr'>nos</span> <span class='ocrx_word' id='word_1_100' title='bbox 423 1031 536 1072; x_wconf 92' lang='lat' dir='ltr'>duos</span> <span class='ocrx_word' id='word_1_101' title='bbox 571 1043 759 1085; x_wconf 84' lang='lat' dir='ltr'>magnos</span> <span class='ocrx_word' id='word_1_102' title='bbox 800 1034 845 1071; x_wconf 90' lang='lat' dir='ltr'>et</span> <span class='ocrx_word' id='word_1_103' title='bbox 880 1029 1154 1070; x_wconf 89' lang='lat' dir='ltr'>necessarios</span> <span class='ocrx_word' id='word_1_104' title='bbox 1187 1028 1412 1071; x_wconf 84' lang='lat' dir='ltr'>exercitus</span> <span class='ocrx_word' id='word_1_105' title='bbox 1433 1029 1550 1070; x_wconf 90' lang='lat' dir='ltr'>alere</span> <span class='ocrx_word' id='word_1_106' title='bbox 1571 1028 1800 1083; x_wconf 91' lang='lat' dir='ltr'>stipendio</span> <span class='ocrx_word' id='word_1_107' title='bbox 1821 1033 2002 1071; x_wconf 90' lang='lat' dir='ltr'>nostro:</span> 
     </span>
     <span class='ocr_line' id='line_1_13' title="bbox 307 1099 2006 1154; baseline -0.002 -10"><span class='ocrx_word' id='word_1_108' title='bbox 307 1104 500 1144; x_wconf 88' lang='lat' dir='ltr'>alterum</span> <span class='ocrx_word' id='word_1_109' title='bbox 525 1101 571 1142; x_wconf 93' lang='lat' dir='ltr'>in</span> <span class='ocrx_word' id='word_1_110' title='bbox 586 1101 759 1142; x_wconf 87' lang='lat' dir='ltr'>ducatu</span> <span class='ocrx_word' id='word_1_111' title='bbox 784 1100 1025 1142; x_wconf 88' lang='lat' dir='ltr'>Lituaniae</span> <span class='ocrx_word' id='word_1_112' title='bbox 1049 1104 1208 1142; x_wconf 91' lang='lat' dir='ltr'>contra</span> <span class='ocrx_word' id='word_1_113' title='bbox 1228 1099 1458 1154; x_wconf 84' lang='lat' dir='ltr'>ingentem</span> <span class='ocrx_word' id='word_1_114' title='bbox 1484 1099 1682 1141; x_wconf 90' lang='lat' dir='ltr'>chanum</span> <span class='ocrx_word' id='word_1_115' title='bbox 1696 1099 2006 1150; x_wconf 89' lang='lat' dir='ltr'>Tartarorum,</span> 
     </span>
     <span class='ocr_line' id='line_1_14' title="bbox 306 1170 2006 1229; baseline -0.001 -14"><span class='ocrx_word' id='word_1_116' title='bbox 306 1174 384 1229; x_wconf 91' lang='lat' dir='ltr'>qui</span> <span class='ocrx_word' id='word_1_117' title='bbox 412 1178 590 1227; x_wconf 85' lang='lat' dir='ltr'>praeter</span> <span class='ocrx_word' id='word_1_118' title='bbox 618 1171 1007 1226; x_wconf 84' lang='lat' dir='ltr'>exspectationem</span> <span class='ocrx_word' id='word_1_119' title='bbox 1035 1175 1239 1213; x_wconf 88' lang='lat' dir='ltr'>nostram</span> <span class='ocrx_word' id='word_1_120' title='bbox 1268 1170 1492 1212; x_wconf 91' lang='lat' dir='ltr'>nescimus</span> <span class='ocrx_word' id='word_1_121' title='bbox 1526 1184 1584 1212; x_wconf 91' lang='lat' dir='ltr'>an</span> <span class='ocrx_word' id='word_1_122' title='bbox 1611 1171 1871 1213; x_wconf 88' lang='lat' dir='ltr'>voluntario</span> <span class='ocrx_word' id='word_1_123' title='bbox 1909 1184 2006 1220; x_wconf 86' lang='lat' dir='ltr'>suo,</span> 
     </span>
     <span class='ocr_line' id='line_1_15' title="bbox 304 1241 2008 1290; baseline -0.002 -4"><span class='ocrx_word' id='word_1_124' title='bbox 304 1259 362 1286; x_wconf 87' lang='lat' dir='ltr'>an</span> <span class='ocrx_word' id='word_1_125' title='bbox 392 1245 642 1286; x_wconf 89' lang='lat' dir='ltr'>subornato</span> <span class='ocrx_word' id='word_1_126' title='bbox 670 1243 891 1284; x_wconf 86' lang='lat' dir='ltr'>maleficio</span> <span class='ocrx_word' id='word_1_127' title='bbox 920 1242 1108 1284; x_wconf 89' lang='lat' dir='ltr'>alicuius</span> <span class='ocrx_word' id='word_1_128' title='bbox 1129 1241 1312 1290; x_wconf 86' lang='lat' dir='ltr'>incensi,</span> <span class='ocrx_word' id='word_1_129' title='bbox 1340 1241 1550 1282; x_wconf 89' lang='lat' dir='ltr'>instructi</span> <span class='ocrx_word' id='word_1_130' title='bbox 1578 1245 1622 1282; x_wconf 92' lang='lat' dir='ltr'>et</span> <span class='ocrx_word' id='word_1_131' title='bbox 1651 1242 1819 1283; x_wconf 80' lang='lat' dir='ltr'>feroces</span> <span class='ocrx_word' id='word_1_132' title='bbox 1848 1246 2008 1284; x_wconf 90' lang='lat' dir='ltr'>contra</span> 
     </span>
     <span class='ocr_line' id='line_1_16' title="bbox 305 1311 2058 1369; baseline -0.003 -11"><span class='ocrx_word' id='word_1_133' title='bbox 305 1330 387 1358; x_wconf 89' lang='lat' dir='ltr'>nos</span> <span class='ocrx_word' id='word_1_134' title='bbox 424 1329 555 1358; x_wconf 88' lang='lat' dir='ltr'>arma</span> <span class='ocrx_word' id='word_1_135' title='bbox 589 1318 901 1369; x_wconf 86' lang='lat' dir='ltr'>sumpserunt;</span> <span class='ocrx_word' id='word_1_136' title='bbox 940 1313 1134 1355; x_wconf 90' lang='lat' dir='ltr'>alterum</span> <span class='ocrx_word' id='word_1_137' title='bbox 1171 1317 1330 1355; x_wconf 92' lang='lat' dir='ltr'>contra</span> <span class='ocrx_word' id='word_1_138' title='bbox 1356 1311 1628 1353; x_wconf 78' lang='lat' dir='ltr'>Valachum²</span> <span class='ocrx_word' id='word_1_139' title='bbox 1664 1313 1842 1354; x_wconf 90' lang='lat' dir='ltr'>hostem</span> <span class='ocrx_word' id='word_1_140' title='bbox 1876 1312 2006 1354; x_wconf 89' lang='lat' dir='ltr'>nobis</span> <span class='ocrx_word' id='word_1_141' title='bbox 2022 1324 2058 1351; x_wconf 86' lang='lat'>15</span> 
     </span>
     <span class='ocr_line' id='line_1_17' title="bbox 306 1383 2005 1442; baseline -0.002 -13"><span class='ocrx_word' id='word_1_142' title='bbox 306 1388 403 1429; x_wconf 80' lang='lat' dir='ltr'>fato</span> <span class='ocrx_word' id='word_1_143' title='bbox 431 1386 632 1442; x_wconf 90' lang='lat' dir='ltr'>quodam</span> <span class='ocrx_word' id='word_1_144' title='bbox 661 1399 713 1426; x_wconf 90' lang='lat' dir='ltr'>eo</span> <span class='ocrx_word' id='word_1_145' title='bbox 742 1389 946 1440; x_wconf 87' lang='lat' dir='ltr'>tempore</span> <span class='ocrx_word' id='word_1_146' title='bbox 974 1384 1040 1425; x_wconf 90' lang='lat' dir='ltr'>ita</span> <span class='ocrx_word' id='word_1_147' title='bbox 1069 1383 1295 1425; x_wconf 80' lang='lat' dir='ltr'>infensum</span> <span class='ocrx_word' id='word_1_148' title='bbox 1336 1383 1512 1432; x_wconf 90' lang='lat' dir='ltr'>datum,</span> <span class='ocrx_word' id='word_1_149' title='bbox 1555 1387 1606 1424; x_wconf 86' lang='lat' dir='ltr'>ut</span> <span class='ocrx_word' id='word_1_150' title='bbox 1636 1383 1707 1425; x_wconf 83' lang='lat' dir='ltr'>vel</span> <span class='ocrx_word' id='word_1_151' title='bbox 1735 1383 1868 1425; x_wconf 88' lang='lat' dir='ltr'>inviti</span> <span class='ocrx_word' id='word_1_152' title='bbox 1910 1383 2005 1425; x_wconf 90' lang='lat' dir='ltr'>eius</span> 
     </span>
     <span class='ocr_line' id='line_1_18' title="bbox 305 1453 2005 1510; baseline -0.003 -10"><span class='ocrx_word' id='word_1_153' title='bbox 305 1459 626 1505; x_wconf 87' lang='lat' dir='ltr'>temeritatem,</span> <span class='ocrx_word' id='word_1_154' title='bbox 654 1456 839 1497; x_wconf 88' lang='lat' dir='ltr'>iniurias</span> <span class='ocrx_word' id='word_1_155' title='bbox 863 1460 909 1498; x_wconf 92' lang='lat' dir='ltr'>et</span> <span class='ocrx_word' id='word_1_156' title='bbox 935 1455 1191 1510; x_wconf 89' lang='lat' dir='ltr'>improbam</span> <span class='ocrx_word' id='word_1_157' title='bbox 1217 1469 1268 1496; x_wconf 90' lang='lat' dir='ltr'>ac</span> <span class='ocrx_word' id='word_1_158' title='bbox 1293 1453 1478 1495; x_wconf 85' lang='lat' dir='ltr'>noxiam</span> <span class='ocrx_word' id='word_1_159' title='bbox 1504 1454 1804 1496; x_wconf 88' lang='lat' dir='ltr'>hostilitatem</span> <span class='ocrx_word' id='word_1_160' title='bbox 1829 1454 2005 1509; x_wconf 85' lang='lat' dir='ltr'>magnis</span> 
     </span>
     <span class='ocr_line' id='line_1_19' title="bbox 307 1525 2005 1584; baseline -0.002 -14"><span class='ocrx_word' id='word_1_161' title='bbox 307 1529 566 1584; x_wconf 90' lang='lat' dir='ltr'>sumptibus</span> <span class='ocrx_word' id='word_1_162' title='bbox 595 1527 858 1582; x_wconf 88' lang='lat' dir='ltr'>propulsare</span> <span class='ocrx_word' id='word_1_163' title='bbox 887 1531 931 1568; x_wconf 91' lang='lat' dir='ltr'>et</span> <span class='ocrx_word' id='word_1_164' title='bbox 962 1526 1169 1581; x_wconf 89' lang='lat' dir='ltr'>persequi</span> <span class='ocrx_word' id='word_1_165' title='bbox 1199 1539 1426 1580; x_wconf 84' lang='lat' dir='ltr'>cogamur,</span> <span class='ocrx_word' id='word_1_166' title='bbox 1458 1525 1517 1566; x_wconf 90' lang='lat' dir='ltr'>ad</span> <span class='ocrx_word' id='word_1_167' title='bbox 1545 1539 1659 1579; x_wconf 92' lang='lat' dir='ltr'>quos</span> <span class='ocrx_word' id='word_1_168' title='bbox 1687 1530 1898 1580; x_wconf 91' lang='lat' dir='ltr'>sumptus</span> <span class='ocrx_word' id='word_1_169' title='bbox 1927 1525 2005 1566; x_wconf 84' lang='lat' dir='ltr'>vix</span> 
     </span>
     <span class='ocr_line' id='line_1_20' title="bbox 306 1589 2004 1655; baseline -0.003 -14"><span class='ocrx_word' id='word_1_170' title='bbox 306 1600 395 1641; x_wconf 89' lang='lat' dir='ltr'>iam</span> <span class='ocrx_word' id='word_1_171' title='bbox 423 1599 633 1655; x_wconf 89' lang='lat' dir='ltr'>equidem</span> <span class='ocrx_word' id='word_1_172' title='bbox 660 1598 923 1639; x_wconf 76' lang='lat' dir='ltr'>sufficimus.</span> <span class='ocrx_word' id='word_1_173' title='bbox 965 1598 1044 1645; x_wconf 85' lang='lat' dir='ltr'>Ac,</span> <span class='ocrx_word' id='word_1_174' title='bbox 1085 1602 1135 1638; x_wconf 89' lang='lat' dir='ltr'>ut</span> <span class='ocrx_word' id='word_1_175' title='bbox 1162 1597 1406 1651; x_wconf 88' lang='lat' dir='ltr'>probemus</span> <span class='ocrx_word' id='word_1_176' title='bbox 1433 1595 1617 1637; x_wconf 89' lang='lat' dir='ltr'>omnino</span> <span class='ocrx_word' id='word_1_177' title='bbox 1656 1589 1721 1637; x_wconf 77' lang='lat' dir='ltr'>Mti</span> <span class='ocrx_word' id='word_1_178' title='bbox 1749 1596 1836 1637; x_wconf 54' lang='lat' dir='ltr'>Vm*</span> <span class='ocrx_word' id='word_1_179' title='bbox 1874 1595 2004 1637; x_wconf 91' lang='lat' dir='ltr'>nobis</span> 
     </span>
     <span class='ocr_line' id='line_1_21' title="bbox 306 1666 2056 1723; baseline -0.005 -10"><span class='ocrx_word' id='word_1_180' title='bbox 306 1670 458 1713; x_wconf 89' lang='lat' dir='ltr'>deesse</span> <span class='ocrx_word' id='word_1_181' title='bbox 478 1670 735 1718; x_wconf 57' lang='lat' dir='ltr'>facultates</span> <span class='ocrx_word' id='word_1_182' title='bbox 756 1682 847 1710; x_wconf 92' lang='lat' dir='ltr'>non</span> <span class='ocrx_word' id='word_1_183' title='bbox 867 1668 1012 1710; x_wconf 92' lang='lat' dir='ltr'>solum</span> <span class='ocrx_word' id='word_1_184' title='bbox 1032 1682 1121 1717; x_wconf 90' lang='lat' dir='ltr'>eas,</span> <span class='ocrx_word' id='word_1_185' title='bbox 1143 1668 1308 1723; x_wconf 89' lang='lat' dir='ltr'>quibus</span> <span class='ocrx_word' id='word_1_186' title='bbox 1327 1666 1502 1708; x_wconf 88' lang='lat' dir='ltr'>vicinae</span> <span class='ocrx_word' id='word_1_187' title='bbox 1522 1671 1566 1708; x_wconf 87' lang='lat' dir='ltr'>et</span> <span class='ocrx_word' id='word_1_188' title='bbox 1587 1667 1835 1709; x_wconf 89' lang='lat' dir='ltr'>amicorum</span> <span class='ocrx_word' id='word_1_189' title='bbox 1854 1680 2003 1709; x_wconf 90' lang='lat' dir='ltr'>neces-</span> <span class='ocrx_word' id='word_1_190' title='bbox 2019 1679 2056 1705; x_wconf 77' lang='lat'>20</span> 
     </span>
     <span class='ocr_line' id='line_1_22' title="bbox 305 1737 2001 1793; baseline -0.002 -11"><span class='ocrx_word' id='word_1_191' title='bbox 305 1742 431 1784; x_wconf 88' lang='lat' dir='ltr'>sitati</span> <span class='ocrx_word' id='word_1_192' title='bbox 460 1755 788 1790; x_wconf 88' lang='lat' dir='ltr'>succurramus,</span> <span class='ocrx_word' id='word_1_193' title='bbox 819 1740 898 1781; x_wconf 91' lang='lat' dir='ltr'>sed</span> <span class='ocrx_word' id='word_1_194' title='bbox 926 1739 1065 1781; x_wconf 91' lang='lat' dir='ltr'>etiam</span> <span class='ocrx_word' id='word_1_195' title='bbox 1095 1752 1183 1787; x_wconf 90' lang='lat' dir='ltr'>eas,</span> <span class='ocrx_word' id='word_1_196' title='bbox 1215 1737 1380 1793; x_wconf 88' lang='lat' dir='ltr'>quibus</span> <span class='ocrx_word' id='word_1_197' title='bbox 1409 1742 1453 1780; x_wconf 89' lang='lat' dir='ltr'>et</span> <span class='ocrx_word' id='word_1_198' title='bbox 1483 1737 1755 1792; x_wconf 84' lang='lat' dir='ltr'>dignitatem</span> <span class='ocrx_word' id='word_1_199' title='bbox 1783 1742 2001 1786; x_wconf 90' lang='lat' dir='ltr'>nostram,</span> 
     </span>
     <span class='ocr_line' id='line_1_23' title="bbox 305 1809 2002 1868; baseline -0.003 -14"><span class='ocrx_word' id='word_1_200' title='bbox 305 1818 349 1854; x_wconf 89' lang='lat' dir='ltr'>et</span> <span class='ocrx_word' id='word_1_201' title='bbox 380 1813 571 1868; x_wconf 91' lang='lat' dir='ltr'>populos</span> <span class='ocrx_word' id='word_1_202' title='bbox 600 1816 778 1853; x_wconf 88' lang='lat' dir='ltr'>nostros</span> <span class='ocrx_word' id='word_1_203' title='bbox 808 1810 1002 1865; x_wconf 86' lang='lat' dir='ltr'>praedae</span> <span class='ocrx_word' id='word_1_204' title='bbox 1032 1810 1233 1851; x_wconf 90' lang='lat' dir='ltr'>hostium</span> <span class='ocrx_word' id='word_1_205' title='bbox 1262 1809 1492 1864; x_wconf 84' lang='lat' dir='ltr'>expositos</span> <span class='ocrx_word' id='word_1_206' title='bbox 1513 1809 1630 1850; x_wconf 90' lang='lat' dir='ltr'>tueri</span> <span class='ocrx_word' id='word_1_207' title='bbox 1660 1822 1838 1850; x_wconf 91' lang='lat' dir='ltr'>necesse</span> <span class='ocrx_word' id='word_1_208' title='bbox 1866 1809 2002 1850; x_wconf 87' lang='lat' dir='ltr'>habe-</span> 
     </span>
     <span class='ocr_line' id='line_1_24' title="bbox 305 1879 2002 1936; baseline -0.003 -11"><span class='ocrx_word' id='word_1_209' title='bbox 305 1898 405 1925; x_wconf 92' lang='lat' dir='ltr'>mus</span> <span class='ocrx_word' id='word_1_210' title='bbox 427 1898 433 1925; x_wconf 78' lang='lat'>1</span> <span class='ocrx_word' id='word_1_211' title='bbox 459 1897 559 1925; x_wconf 93' lang='lat' dir='ltr'>eam</span> <span class='ocrx_word' id='word_1_212' title='bbox 582 1883 721 1924; x_wconf 90' lang='lat' dir='ltr'>latere</span> <span class='ocrx_word' id='word_1_213' title='bbox 743 1882 968 1930; x_wconf 88' lang='lat' dir='ltr'>nolumus,</span> <span class='ocrx_word' id='word_1_214' title='bbox 992 1881 1116 1936; x_wconf 89' lang='lat' dir='ltr'>quod</span> <span class='ocrx_word' id='word_1_215' title='bbox 1137 1894 1281 1935; x_wconf 91' lang='lat' dir='ltr'>nuper</span> <span class='ocrx_word' id='word_1_216' title='bbox 1302 1884 1347 1921; x_wconf 83' lang='lat' dir='ltr'>et</span> <span class='ocrx_word' id='word_1_217' title='bbox 1369 1879 1544 1927; x_wconf 85' lang='lat' dir='ltr'>litteris,</span> <span class='ocrx_word' id='word_1_218' title='bbox 1569 1884 1614 1921; x_wconf 89' lang='lat' dir='ltr'>et</span> <span class='ocrx_word' id='word_1_219' title='bbox 1637 1879 1834 1921; x_wconf 88' lang='lat' dir='ltr'>nunctiis</span> <span class='ocrx_word' id='word_1_220' title='bbox 1856 1879 2002 1921; x_wconf 89' lang='lat' dir='ltr'>missis</span> 
     </span>
    </p>

    <p class='ocr_par' dir='ltr' id='par_1_3' title="bbox 303 1950 2050 2279">
     <span class='ocr_line' id='line_1_25' title="bbox 305 1950 2000 2005; baseline -0.003 -9"><span class='ocrx_word' id='word_1_221' title='bbox 305 1968 330 1996; x_wconf 93' lang='lat' dir='ltr'>a</span> <span class='ocrx_word' id='word_1_222' title='bbox 361 1955 437 1996; x_wconf 71' lang='lat'>§¹¹¹⁰</span> <span class='ocrx_word' id='word_1_223' title='bbox 472 1954 669 1996; x_wconf 90' lang='lat' dir='ltr'>Domino</span> <span class='ocrx_word' id='word_1_224' title='bbox 716 1954 884 1995; x_wconf 91' lang='lat' dir='ltr'>Nostro</span> <span class='ocrx_word' id='word_1_225' title='bbox 925 1952 1191 2000; x_wconf 88' lang='lat' dir='ltr'>subsidium,</span> <span class='ocrx_word' id='word_1_226' title='bbox 1228 1951 1351 2005; x_wconf 90' lang='lat' dir='ltr'>quod</span> <span class='ocrx_word' id='word_1_227' title='bbox 1385 1950 1495 1992; x_wconf 90' lang='lat' dir='ltr'>alias</span> <span class='ocrx_word' id='word_1_228' title='bbox 1528 1963 1763 2005; x_wconf 87' lang='lat' dir='ltr'>nunquam</span> <span class='ocrx_word' id='word_1_229' title='bbox 1799 1951 2000 1999; x_wconf 83' lang='lat' dir='ltr'>fecimus,</span> 
     </span>
     <span class='ocr_line' id='line_1_26' title="bbox 303 2019 2050 2080; baseline -0.005 -13"><span class='ocrx_word' id='word_1_230' title='bbox 303 2025 577 2080; x_wconf 88' lang='lat' dir='ltr'>petierimus.</span> <span class='ocrx_word' id='word_1_231' title='bbox 617 2024 799 2078; x_wconf 90' lang='lat' dir='ltr'>Alioqui</span> <span class='ocrx_word' id='word_1_232' title='bbox 836 2022 947 2064; x_wconf 92' lang='lat' dir='ltr'>illud</span> <span class='ocrx_word' id='word_1_233' title='bbox 984 2036 1086 2064; x_wconf 93' lang='lat' dir='ltr'>cum</span> <span class='ocrx_word' id='word_1_234' title='bbox 1131 2036 1157 2063; x_wconf 94' lang='lat' dir='ltr'>a</span> <span class='ocrx_word' id='word_1_235' title='bbox 1193 2019 1267 2063; x_wconf 67' lang='lat' dir='ltr'>Mte</span> <span class='ocrx_word' id='word_1_236' title='bbox 1307 2022 1391 2070; x_wconf 57' lang='lat' dir='ltr'>Vsa,</span> <span class='ocrx_word' id='word_1_237' title='bbox 1431 2034 1547 2075; x_wconf 89' lang='lat' dir='ltr'>quae</span> <span class='ocrx_word' id='word_1_238' title='bbox 1595 2021 1725 2062; x_wconf 89' lang='lat' dir='ltr'>nobis</span> <span class='ocrx_word' id='word_1_239' title='bbox 1762 2025 2050 2076; x_wconf 82' lang='lat' dir='ltr'>tantopere25</span> 
     </span>
     <span class='ocr_line' id='line_1_27' title="bbox 305 2091 2001 2147; baseline -0.004 -9"><span class='ocrx_word' id='word_1_240' title='bbox 305 2096 547 2138; x_wconf 87' lang='lat' dir='ltr'>coniuncta</span> <span class='ocrx_word' id='word_1_241' title='bbox 573 2100 655 2144; x_wconf 89' lang='lat' dir='ltr'>est,</span> <span class='ocrx_word' id='word_1_242' title='bbox 684 2100 784 2136; x_wconf 90' lang='lat' dir='ltr'>tum</span> <span class='ocrx_word' id='word_1_243' title='bbox 812 2094 870 2135; x_wconf 91' lang='lat' dir='ltr'>ab</span> <span class='ocrx_word' id='word_1_244' title='bbox 897 2094 994 2135; x_wconf 90' lang='lat' dir='ltr'>aliis</span> <span class='ocrx_word' id='word_1_245' title='bbox 1021 2093 1176 2134; x_wconf 86' lang='lat' dir='ltr'>amicis</span> <span class='ocrx_word' id='word_1_246' title='bbox 1203 2092 1404 2147; x_wconf 88' lang='lat' dir='ltr'>petituri,</span> <span class='ocrx_word' id='word_1_247' title='bbox 1432 2092 1516 2133; x_wconf 91' lang='lat' dir='ltr'>nisi</span> <span class='ocrx_word' id='word_1_248' title='bbox 1543 2091 1641 2133; x_wconf 88' lang='lat' dir='ltr'>illos</span> <span class='ocrx_word' id='word_1_249' title='bbox 1666 2105 1748 2133; x_wconf 92' lang='lat' dir='ltr'>sua</span> <span class='ocrx_word' id='word_1_250' title='bbox 1774 2105 2001 2147; x_wconf 89' lang='lat' dir='ltr'>quemque</span> 
     </span>
     <span class='ocr_line' id='line_1_28' title="bbox 303 2162 2000 2221; baseline -0.003 -13"><span class='ocrx_word' id='word_1_251' title='bbox 303 2167 572 2208; x_wconf 88' lang='lat' dir='ltr'>necessitate</span> <span class='ocrx_word' id='word_1_252' title='bbox 630 2165 898 2221; x_wconf 90' lang='lat' dir='ltr'>iampridem</span> <span class='ocrx_word' id='word_1_253' title='bbox 957 2177 1132 2220; x_wconf 86' lang='lat' dir='ltr'>pressos</span> <span class='ocrx_word' id='word_1_254' title='bbox 1191 2168 1235 2205; x_wconf 90' lang='lat' dir='ltr'>et</span> <span class='ocrx_word' id='word_1_255' title='bbox 1281 2162 1530 2204; x_wconf 88' lang='lat' dir='ltr'>necessario</span> <span class='ocrx_word' id='word_1_256' title='bbox 1576 2162 1818 2217; x_wconf 84' lang='lat' dir='ltr'>impeditos</span> <span class='ocrx_word' id='word_1_257' title='bbox 1863 2162 2000 2204; x_wconf 90' lang='lat' dir='ltr'>vidis-</span> 
     </span>
     <span class='ocr_line' id='line_1_29' title="bbox 303 2251 463 2279; baseline 0.006 -1"><span class='ocrx_word' id='word_1_258' title='bbox 303 2251 463 2279; x_wconf 91' lang='lat' dir='ltr'>semus.</span> 
     </span>
    </p>

    <p class='ocr_par' dir='ltr' id='par_1_4' title="bbox 302 2303 2048 3068">
     <span class='ocr_line' id='line_1_30' title="bbox 448 2303 1997 2359; baseline -0.003 -10"><span class='ocrx_word' id='word_1_259' title='bbox 448 2308 679 2350; x_wconf 89' lang='lat' dir='ltr'>Credimus</span> <span class='ocrx_word' id='word_1_260' title='bbox 700 2306 767 2349; x_wconf 78' lang='lat' dir='ltr'>Mtl</span> <span class='ocrx_word' id='word_1_261' title='bbox 790 2308 878 2349; x_wconf 59' lang='lat' dir='ltr'>Vme</span> <span class='ocrx_word' id='word_1_262' title='bbox 912 2311 955 2348; x_wconf 92' lang='lat' dir='ltr'>et</span> <span class='ocrx_word' id='word_1_263' title='bbox 996 2306 1284 2347; x_wconf 88' lang='lat' dir='ltr'>voluntatem</span> <span class='ocrx_word' id='word_1_264' title='bbox 1317 2308 1520 2346; x_wconf 92' lang='lat' dir='ltr'>nostram</span> <span class='ocrx_word' id='word_1_265' title='bbox 1554 2304 1598 2345; x_wconf 91' lang='lat' dir='ltr'>in</span> <span class='ocrx_word' id='word_1_266' title='bbox 1632 2303 1691 2353; x_wconf 88' lang='lat' dir='ltr'>id,</span> <span class='ocrx_word' id='word_1_267' title='bbox 1714 2304 1837 2359; x_wconf 93' lang='lat' dir='ltr'>quod</span> <span class='ocrx_word' id='word_1_268' title='bbox 1858 2304 1997 2359; x_wconf 87' lang='lat' dir='ltr'>cupit,</span> 
     </span>
     <span class='ocr_line' id='line_1_31' title="bbox 303 2374 2048 2434; baseline -0.003 -14"><span class='ocrx_word' id='word_1_269' title='bbox 303 2391 573 2433; x_wconf 80' lang='lat' dir='ltr'>propensam</span> <span class='ocrx_word' id='word_1_270' title='bbox 603 2379 830 2434; x_wconf 88' lang='lat' dir='ltr'>probasse,</span> <span class='ocrx_word' id='word_1_271' title='bbox 861 2382 906 2419; x_wconf 90' lang='lat' dir='ltr'>et</span> <span class='ocrx_word' id='word_1_272' title='bbox 936 2377 1058 2432; x_wconf 91' lang='lat' dir='ltr'>quod</span> <span class='ocrx_word' id='word_1_273' title='bbox 1088 2376 1330 2417; x_wconf 78' lang='lat' dir='ltr'>facultates</span> <span class='ocrx_word' id='word_1_274' title='bbox 1358 2388 1440 2417; x_wconf 92' lang='lat' dir='ltr'>nos</span> <span class='ocrx_word' id='word_1_275' title='bbox 1469 2375 1527 2416; x_wconf 88' lang='lat' dir='ltr'>ad</span> <span class='ocrx_word' id='word_1_276' title='bbox 1555 2375 1907 2416; x_wconf 90' lang='lat' dir='ltr'>succurrendum</span> <span class='ocrx_word' id='word_1_277' title='bbox 1937 2374 1998 2415; x_wconf 88' lang='lat' dir='ltr'>la·</span> <span class='ocrx_word' id='word_1_278' title='bbox 2012 2387 2048 2413; x_wconf 81' lang='lat'>30</span> 
     </span>
     <span class='ocr_line' id='line_1_32' title="bbox 303 2447 1997 2505; baseline -0.001 -16"><span class='ocrx_word' id='word_1_279' title='bbox 303 2449 441 2498; x_wconf 89' lang='lat' dir='ltr'>benti,</span> <span class='ocrx_word' id='word_1_280' title='bbox 464 2450 736 2505; x_wconf 86' lang='lat' dir='ltr'>reipublicae</span> <span class='ocrx_word' id='word_1_281' title='bbox 771 2449 1043 2491; x_wconf 87' lang='lat' dir='ltr'>christianae</span> <span class='ocrx_word' id='word_1_282' title='bbox 1078 2447 1306 2495; x_wconf 89' lang='lat' dir='ltr'>deficiant,</span> <span class='ocrx_word' id='word_1_283' title='bbox 1342 2459 1433 2487; x_wconf 91' lang='lat' dir='ltr'>non</span> <span class='ocrx_word' id='word_1_284' title='bbox 1468 2447 1618 2487; x_wconf 91' lang='lat' dir='ltr'>minus</span> <span class='ocrx_word' id='word_1_285' title='bbox 1653 2451 1821 2501; x_wconf 90' lang='lat' dir='ltr'>aperte,</span> <span class='ocrx_word' id='word_1_286' title='bbox 1859 2459 1997 2500; x_wconf 91' lang='lat' dir='ltr'>quam</span> 
     </span>
     <span class='ocr_line' id='line_1_33' title="bbox 302 2516 1998 2574; baseline -0.002 -14"><span class='ocrx_word' id='word_1_287' title='bbox 302 2533 405 2560; x_wconf 91' lang='lat' dir='ltr'>vere</span> <span class='ocrx_word' id='word_1_288' title='bbox 428 2524 473 2561; x_wconf 92' lang='lat' dir='ltr'>et</span> <span class='ocrx_word' id='word_1_289' title='bbox 497 2534 551 2561; x_wconf 81' lang='lat' dir='ltr'>ex</span> <span class='ocrx_word' id='word_1_290' title='bbox 576 2520 727 2562; x_wconf 91' lang='lat' dir='ltr'>animo</span> <span class='ocrx_word' id='word_1_291' title='bbox 751 2520 1012 2562; x_wconf 89' lang='lat' dir='ltr'>declarasse.</span> <span class='ocrx_word' id='word_1_292' title='bbox 1051 2519 1201 2574; x_wconf 75' lang='lat' dir='ltr'>Quare</span> <span class='ocrx_word' id='word_1_293' title='bbox 1223 2517 1346 2559; x_wconf 88' lang='lat' dir='ltr'>illam</span> <span class='ocrx_word' id='word_1_294' title='bbox 1370 2517 1535 2559; x_wconf 87' lang='lat' dir='ltr'>obnixe</span> <span class='ocrx_word' id='word_1_295' title='bbox 1557 2530 1768 2572; x_wconf 83' lang='lat' dir='ltr'>rogamus</span> <span class='ocrx_word' id='word_1_296' title='bbox 1791 2520 1836 2558; x_wconf 90' lang='lat' dir='ltr'>et</span> <span class='ocrx_word' id='word_1_297' title='bbox 1872 2516 1998 2558; x_wconf 92' lang='lat' dir='ltr'>obte-</span> 
     </span>
     <span class='ocr_line' id='line_1_34' title="bbox 303 2588 1997 2645; baseline -0.001 -15"><span class='ocrx_word' id='word_1_298' title='bbox 303 2594 494 2632; x_wconf 90' lang='lat' dir='ltr'>stamur:</span> <span class='ocrx_word' id='word_1_299' title='bbox 513 2591 622 2632; x_wconf 88' lang='lat' dir='ltr'>velit</span> <span class='ocrx_word' id='word_1_300' title='bbox 647 2592 771 2640; x_wconf 88' lang='lat' dir='ltr'>haec,</span> <span class='ocrx_word' id='word_1_301' title='bbox 797 2605 913 2645; x_wconf 88' lang='lat' dir='ltr'>quae</span> <span class='ocrx_word' id='word_1_302' title='bbox 935 2604 961 2632; x_wconf 90' lang='lat' dir='ltr'>a</span> <span class='ocrx_word' id='word_1_303' title='bbox 984 2590 1114 2631; x_wconf 91' lang='lat' dir='ltr'>nobis</span> <span class='ocrx_word' id='word_1_304' title='bbox 1134 2588 1394 2630; x_wconf 88' lang='lat' dir='ltr'>scribuntur</span> <span class='ocrx_word' id='word_1_305' title='bbox 1417 2588 1462 2629; x_wconf 90' lang='lat' dir='ltr'>in</span> <span class='ocrx_word' id='word_1_306' title='bbox 1486 2602 1587 2630; x_wconf 91' lang='lat' dir='ltr'>eam</span> <span class='ocrx_word' id='word_1_307' title='bbox 1611 2592 1804 2643; x_wconf 91' lang='lat' dir='ltr'>partem,</span> <span class='ocrx_word' id='word_1_308' title='bbox 1820 2591 1872 2628; x_wconf 89' lang='lat' dir='ltr'>ut</span> <span class='ocrx_word' id='word_1_309' title='bbox 1889 2591 1997 2628; x_wconf 86' lang='lat' dir='ltr'>sunt</span> 
     </span>
     <span class='ocr_line' id='line_1_35' title="bbox 303 2658 1997 2716; baseline -0.001 -16"><span class='ocrx_word' id='word_1_310' title='bbox 303 2661 501 2716; x_wconf 91' lang='lat' dir='ltr'>accipere</span> <span class='ocrx_word' id='word_1_311' title='bbox 519 2666 564 2703; x_wconf 91' lang='lat' dir='ltr'>et</span> <span class='ocrx_word' id='word_1_312' title='bbox 581 2661 688 2702; x_wconf 92' lang='lat' dir='ltr'>boni</span> <span class='ocrx_word' id='word_1_313' title='bbox 706 2662 839 2716; x_wconf 91' lang='lat' dir='ltr'>aequi</span> <span class='ocrx_word' id='word_1_314' title='bbox 857 2661 1100 2709; x_wconf 90' lang='lat' dir='ltr'>consulere,</span> <span class='ocrx_word' id='word_1_315' title='bbox 1121 2659 1245 2714; x_wconf 89' lang='lat' dir='ltr'>quod</span> <span class='ocrx_word' id='word_1_316' title='bbox 1261 2673 1343 2701; x_wconf 88' lang='lat' dir='ltr'>nos</span> <span class='ocrx_word' id='word_1_317' title='bbox 1362 2658 1420 2700; x_wconf 94' lang='lat' dir='ltr'>ad</span> <span class='ocrx_word' id='word_1_318' title='bbox 1437 2658 1518 2701; x_wconf 86' lang='lat' dir='ltr'>sibi</span> <span class='ocrx_word' id='word_1_319' title='bbox 1539 2658 1881 2712; x_wconf 90' lang='lat' dir='ltr'>obsequendum</span> <span class='ocrx_word' id='word_1_320' title='bbox 1899 2662 1997 2699; x_wconf 85' lang='lat' dir='ltr'>tam</span> 
     </span>
     <span class='ocr_line' id='line_1_36' title="bbox 303 2727 2046 2787; baseline -0.003 -15"><span class='ocrx_word' id='word_1_321' title='bbox 303 2737 485 2784; x_wconf 88' lang='lat' dir='ltr'>paratos</span> <span class='ocrx_word' id='word_1_322' title='bbox 510 2732 702 2787; x_wconf 91' lang='lat' dir='ltr'>reperire</span> <span class='ocrx_word' id='word_1_323' title='bbox 726 2745 817 2773; x_wconf 91' lang='lat' dir='ltr'>non</span> <span class='ocrx_word' id='word_1_324' title='bbox 843 2732 1057 2787; x_wconf 90' lang='lat' dir='ltr'>potuerit,</span> <span class='ocrx_word' id='word_1_325' title='bbox 1085 2745 1223 2786; x_wconf 91' lang='lat' dir='ltr'>quam</span> <span class='ocrx_word' id='word_1_326' title='bbox 1249 2735 1293 2772; x_wconf 86' lang='lat' dir='ltr'>et</span> <span class='ocrx_word' id='word_1_327' title='bbox 1320 2730 1418 2785; x_wconf 90' lang='lat' dir='ltr'>ipsa</span> <span class='ocrx_word' id='word_1_328' title='bbox 1442 2735 1487 2771; x_wconf 88' lang='lat' dir='ltr'>et</span> <span class='ocrx_word' id='word_1_329' title='bbox 1512 2743 1594 2771; x_wconf 90' lang='lat' dir='ltr'>nos</span> <span class='ocrx_word' id='word_1_330' title='bbox 1618 2733 1779 2770; x_wconf 89' lang='lat' dir='ltr'>mutuo</span> <span class='ocrx_word' id='word_1_331' title='bbox 1805 2727 1996 2783; x_wconf 90' lang='lat' dir='ltr'>optaba-</span> <span class='ocrx_word' id='word_1_332' title='bbox 2009 2739 2046 2766; x_wconf 82' lang='lat'>35</span> 
     </span>
     <span class='ocr_line' id='line_1_37' title="bbox 303 2798 1995 2857; baseline -0.002 -15"><span class='ocrx_word' id='word_1_333' title='bbox 303 2815 415 2851; x_wconf 91' lang='lat' dir='ltr'>mus,</span> <span class='ocrx_word' id='word_1_334' title='bbox 449 2807 493 2843; x_wconf 90' lang='lat' dir='ltr'>et</span> <span class='ocrx_word' id='word_1_335' title='bbox 525 2803 796 2857; x_wconf 90' lang='lat' dir='ltr'>reipublicae</span> <span class='ocrx_word' id='word_1_336' title='bbox 827 2803 1099 2844; x_wconf 87' lang='lat' dir='ltr'>christianae</span> <span class='ocrx_word' id='word_1_337' title='bbox 1130 2801 1376 2843; x_wconf 87' lang='lat' dir='ltr'>videbatur</span> <span class='ocrx_word' id='word_1_338' title='bbox 1405 2800 1629 2855; x_wconf 85' lang='lat' dir='ltr'>expedire.</span> <span class='ocrx_word' id='word_1_339' title='bbox 1662 2799 1844 2853; x_wconf 77' lang='lat' dir='ltr'>Alioqui</span> <span class='ocrx_word' id='word_1_340' title='bbox 1875 2798 1995 2840; x_wconf 86' lang='lat' dir='ltr'>affir-</span> 
     </span>
     <span class='ocr_line' id='line_1_38' title="bbox 303 2869 1994 2928; baseline -0.001 -16"><span class='ocrx_word' id='word_1_341' title='bbox 303 2885 425 2913; x_wconf 90' lang='lat' dir='ltr'>mare</span> <span class='ocrx_word' id='word_1_342' title='bbox 462 2886 714 2927; x_wconf 90' lang='lat' dir='ltr'>possumus,</span> <span class='ocrx_word' id='word_1_343' title='bbox 740 2873 870 2914; x_wconf 90' lang='lat' dir='ltr'>nobis</span> <span class='ocrx_word' id='word_1_344' title='bbox 905 2887 1005 2914; x_wconf 92' lang='lat' dir='ltr'>eam</span> <span class='ocrx_word' id='word_1_345' title='bbox 1026 2873 1317 2928; x_wconf 89' lang='lat' dir='ltr'>praecipuam</span> <span class='ocrx_word' id='word_1_346' title='bbox 1355 2884 1509 2912; x_wconf 89' lang='lat' dir='ltr'>curam</span> <span class='ocrx_word' id='word_1_347' title='bbox 1547 2869 1819 2918; x_wconf 91' lang='lat' dir='ltr'>incumbere,</span> <span class='ocrx_word' id='word_1_348' title='bbox 1859 2873 1910 2910; x_wconf 89' lang='lat' dir='ltr'>ut</span> <span class='ocrx_word' id='word_1_349' title='bbox 1949 2873 1994 2911; x_wconf 89' lang='lat' dir='ltr'>et</span> 
     </span>
     <span class='ocr_line' id='line_1_39' title="bbox 302 2939 1995 2998; baseline -0.001 -16"><span class='ocrx_word' id='word_1_350' title='bbox 302 2941 403 2982; x_wconf 59' lang='lat' dir='ltr'>Mtem</span> <span class='ocrx_word' id='word_1_351' title='bbox 448 2944 561 2991; x_wconf 58' lang='lat' dir='ltr'>Vm,</span> <span class='ocrx_word' id='word_1_352' title='bbox 596 2948 641 2985; x_wconf 88' lang='lat' dir='ltr'>et</span> <span class='ocrx_word' id='word_1_353' title='bbox 691 2943 1017 2998; x_wconf 89' lang='lat' dir='ltr'>rempublicam</span> <span class='ocrx_word' id='word_1_354' title='bbox 1051 2943 1348 2985; x_wconf 88' lang='lat' dir='ltr'>christianam</span> <span class='ocrx_word' id='word_1_355' title='bbox 1393 2940 1540 2982; x_wconf 79' lang='lat' dir='ltr'>officio</span> <span class='ocrx_word' id='word_1_356' title='bbox 1584 2944 1739 2981; x_wconf 92' lang='lat' dir='ltr'>nostro</span> <span class='ocrx_word' id='word_1_357' title='bbox 1777 2939 1995 2981; x_wconf 86' lang='lat' dir='ltr'>demereri</span> 
     </span>
     <span class='ocr_line' id='line_1_40' title="bbox 303 3010 1992 3068; baseline -0.001 -16"><span class='ocrx_word' id='word_1_358' title='bbox 303 3012 430 3053; x_wconf 88' lang='lat' dir='ltr'>nobis</span> <span class='ocrx_word' id='word_1_359' title='bbox 462 3012 699 3067; x_wconf 75' lang='lat' dir='ltr'>possimus</span> <span class='ocrx_word' id='word_1_360' title='bbox 735 3015 795 3055; x_wconf 88' lang='lat' dir='ltr'>Et</span> <span class='ocrx_word' id='word_1_361' title='bbox 828 3013 1038 3055; x_wconf 87' lang='lat' dir='ltr'>dabimus</span> <span class='ocrx_word' id='word_1_362' title='bbox 1070 3013 1279 3068; x_wconf 90' lang='lat' dir='ltr'>equidem</span> <span class='ocrx_word' id='word_1_363' title='bbox 1311 3025 1508 3067; x_wconf 89' lang='lat' dir='ltr'>operam,</span> <span class='ocrx_word' id='word_1_364' title='bbox 1543 3015 1593 3051; x_wconf 93' lang='lat' dir='ltr'>ut</span> <span class='ocrx_word' id='word_1_365' title='bbox 1625 3010 1661 3051; x_wconf 90' lang='lat' dir='ltr'>si</span> <span class='ocrx_word' id='word_1_366' title='bbox 1693 3011 1738 3051; x_wconf 92' lang='lat' dir='ltr'>in</span> <span class='ocrx_word' id='word_1_367' title='bbox 1770 3010 1992 3065; x_wconf 89' lang='lat' dir='ltr'>reliquum</span> 
     </span>
    </p>
   </div>
   <div class='ocr_carea' id='block_1_3' title="bbox 304 3113 1253 3117">
    <p class='ocr_par' dir='ltr' id='par_1_5' title="bbox 304 3113 1253 3117">
     <span class='ocr_line' id='line_1_41' title="bbox 304 3113 1253 3117; baseline 0 0"><span class='ocrx_word' id='word_1_368' title='bbox 304 3113 1253 3117; x_wconf 95' lang='lat' dir='ltr'> </span> 
     </span>
    </p>
   </div>
   <div class='ocr_carea' id='block_1_4' title="bbox 443 3160 2043 3200">
    <p class='ocr_par' dir='ltr' id='par_1_6' title="bbox 443 3160 2043 3200">
     <span class='ocr_line' id='line_1_42' title="bbox 443 3160 2043 3200; baseline 0.004 -7"><span class='ocrx_word' id='word_1_369' title='bbox 443 3160 455 3179; x_wconf 83' lang='lat'>¹</span> <span class='ocrx_word' id='word_1_370' title='bbox 481 3161 635 3194; x_wconf 81' lang='lat' dir='ltr'>Recte:</span> <span class='ocrx_word' id='word_1_371' title='bbox 668 3161 857 3195; x_wconf 86' lang='lat' dir='ltr'>Moldavi.</span> <span class='ocrx_word' id='word_1_372' title='bbox 1036 3165 1049 3185; x_wconf 84' lang='lat'>2</span> <span class='ocrx_word' id='word_1_373' title='bbox 1078 3161 1322 3195; x_wconf 90' lang='lat' dir='ltr'>Moldavum.</span> <span class='ocrx_word' id='word_1_374' title='bbox 2005 3173 2043 3200; x_wconf 85' lang='lat'>40</span> 
     </span>
    </p>
   </div>
  </div>
 </body>
</html>
