2209 3643
284 211 355 247 134
1052 197 1126 230 No.
1149 196 1195 237 98
1655 189 1703 244 [7.
1724 194 1859 230 Martii
1881 204 1981 239 1525

1087 392 1156 434 98.

783 504 1035 552 Besztercze,
1073 514 1110 556 7.
1147 501 1310 543 Martii
1344 512 1470 554 1525.

277 597 466 648 Joannes
496 593 719 646 Szapolyai
758 593 943 631 vaivoda
977 591 1293 643 Transylvanus
1332 590 1519 642 capitulo
1545 590 1740 629 ecclesiae
1774 591 1981 629 Albensis-

426 705 694 747 Mandatum
741 703 1016 746 statutorium
1062 707 1140 757 pro
1188 707 1311 758 parte
1361 703 1607 744 Alexandri
1653 702 1739 754 filii
1773 702 1981 744 Hom-ath

284 777 453 832 Logojet
490 781 625 831 supra
663 775 978 830 possessionem
1016 774 1198 815 condam
1241 774 1435 816 Vanciae
1503 773 1664 815 Vistier
1702 774 1751 815 in
1791 774 1981 828 Algyogy
2017 795 2041 821 5,

285 849 419 890 eidem
450 861 476 888 α
507 861 597 902 rege
627 846 844 888 Ludovz'co
875 845 945 886 II.
979 845 1196 886 donatam.

429 965 598 1007 Amicis
637 965 728 1007 suis
768 965 1045 1006 Reverendis
1096 964 1297 1019 capitulo
1350 964 1560 1006 ecclesiae
1598 964 1806 1006 Albensis
1844 964 1986 1006 Tran-

285 1038 486 1079 silvanae
503 1036 737 1091 Johannes
769 1036 824 1077 de
855 1036 1057 1091 Zapolya
1077 1049 1224 1077 comes
1243 1039 1490 1090 perpetuus
1509 1040 1654 1077 terrae
1681 1035 1985 1090 Scepusiensis

285 1108 574 1162 vaivodaque
615 1106 941 1148 Transilvanus
995 1112 1039 1148 et
1096 1106 1347 1148 Siculorum
1403 1120 1552 1148 comes
1594 1110 1678 1148 etc.
1722 1106 1984 1148 Amicitiam

288 1184 499 1234 paratam
531 1192 634 1220 cum
665 1178 846 1220 honore.
880 1177 1058 1219 Dicitur
1087 1177 1217 1218 nobis
1247 1177 1293 1218 in
1323 1191 1514 1232 persona
1544 1177 1706 1219 nobilis
1724 1178 1982 1226 Alexandri,
2003 1197 2041 1222 ιο

286 1250 364 1291 filii
392 1249 586 1291 condam
614 1249 840 1304 Magnifici
868 1249 1090 1290 Horwath
1118 1248 1356 1303 Logoffeth
1383 1248 1610 1290 boiaronis
1637 1248 1984 1303 Transalpinen-

288 1321 361 1371 sis,
395 1320 624 1376 quomodo
656 1320 749 1375 ipse
780 1319 1000 1361 decedens
1031 1319 1214 1374 quidem
1246 1324 1290 1361 et
1322 1333 1466 1374 nuper
1496 1319 1668 1360 insidiis
1699 1319 1985 1374 quorundam

287 1392 539 1434 emulorum
574 1404 714 1446 prope
749 1396 949 1432 castrum
983 1390 1277 1432 Zewriniense
1312 1390 1516 1432 extincto
1549 1390 1757 1445 praefato
1791 1390 1985 1432 condam

289 1463 491 1518 genitore
522 1476 618 1511 suo,
652 1462 698 1503 in
731 1461 981 1503 dominium
1014 1461 1275 1516 portionum
1307 1461 1758 1516 possessionariarum
1791 1461 1984 1503 condam

288 1534 493 1575 Wancha
540 1533 758 1588 VVyzther
806 1532 929 1582 dicti,
979 1532 1203 1574 boieronis
1252 1532 1456 1574 similiter
1503 1532 1891 1587 Transalpinensis
1939 1533 1985 1573 in
2003 1553 2043 1578 15

290 1604 458 1660 oppido
483 1604 665 1659 Aldyod
691 1617 742 1645 ac
767 1603 1123 1658 possessionibus
1158 1603 1365 1657 villisque
1390 1607 1434 1644 et
1459 1603 1744 1658 pertinentiis
1767 1603 1984 1653 eiusdem,

288 1676 333 1717 in
382 1675 451 1716 his
487 1675 695 1730 partibus
741 1674 1049 1716 Transilvanis
1084 1674 1128 1715 in
1173 1674 1395 1716 comitatu
1432 1674 1756 1729 Hwnyadiensi
1792 1674 1986 1716 existen-

289 1747 405 1788 tium
433 1746 694 1788 habitarum
722 1750 767 1787 et
796 1746 1116 1795 adiacentium,
1146 1745 1256 1786 alias
1282 1759 1362 1800 per
1388 1745 1616 1786 defectum
1644 1745 1826 1787 seminis
1852 1759 1986 1787 sexus

290 1817 430 1859 virilis
465 1817 667 1859 eiusdem
690 1816 883 1858 condam
906 1817 962 1858 W
965 1817 1123 1866 ancha,
1149 1816 1227 1857 sed
1250 1816 1358 1870 quia
1380 1815 1499 1857 idem
1522 1816 1578 1857 W
1581 1817 1727 1858 ancha
1748 1816 1982 1866 fidelitate,

291 1902 382 1943 qua
408 1902 559 1930 sacrae
587 1887 806 1943 imprimis
833 1901 1023 1929 coronae
1050 1887 1173 1942 regni
1200 1886 1452 1928 Maiestatis
1480 1887 1647 1941 Regiae
1674 1892 1812 1942 atque
1839 1887 1984 1928 eidem
1999 1908 2041 1934 202

290 1959 474 2000 domino
518 1964 674 2000 nostro
718 1958 809 2013 regi
854 1958 1099 2000 obstrictus
1144 1958 1291 1999 iuerat
1336 1957 1605 2012 postposita,
1652 1958 1808 2000 relicto
1863 1958 1983 1999 fideli

287 2030 403 2071 Suae
438 2029 691 2071 Maiestatis
728 2029 886 2070 Radwl
924 2029 1122 2070 vaivoda
1157 2028 1522 2083 Transalpinensi
1561 2029 1705 2070 eidem
1754 2029 1984 2070 Maiestati

288 2101 404 2142 Suae
424 2105 469 2143 et
488 2114 624 2155 regno
644 2100 843 2142 eiusdem
864 2100 1080 2141 adversae
1099 2099 1287 2141 factioni
1307 2099 1598 2149 adhaesisset,
1621 2100 1679 2141 ad
1698 2100 1986 2142 Maiestatem

289 2172 427 2213 Suam
447 2171 687 2213 devolutae
705 2171 895 2212 fuissent
915 2176 959 2212 et
979 2170 1201 2219 redactae,
1223 2171 1371 2225 ipsum
1390 2175 1692 2225 exponentem
1711 2184 1766 2212 ex
1785 2171 1984 2213 eiusdem

293 2242 463 2283 domini
484 2242 626 2284 nostri
647 2242 761 2296 regis
782 2242 1033 2291 collatione,
1057 2242 1263 2296 praefato
1285 2241 1478 2283 condam
1500 2242 1690 2296 genitori
1711 2256 1792 2284 suo
1814 2242 1984 2284 factam
2001 2262 2043 2288 25

293 2313 417 2355 facta
454 2318 786 2362 concernentes,
825 2313 1023 2367 legitime
1060 2313 1195 2354 vellet
1234 2312 1430 2354 introire.
1468 2312 1611 2367 Super
1648 2327 1738 2367 quo
1776 2313 1984 2354 Vestram

294 2384 554 2425 Amicitiam
602 2383 916 2439 praesentibus
963 2383 1161 2438 petimus
1209 2383 1458 2438 diligenter,
1509 2388 1735 2438 quatenus
1782 2388 1986 2425 vestrum

296 2454 493 2496 mittatis
511 2454 739 2496 hominem
760 2468 842 2510 pro
866 2454 1127 2496 testimonio
1151 2454 1239 2495 fide
1264 2454 1464 2509 dignum,
1488 2468 1578 2508 quo
1598 2459 1834 2509 praesente
1853 2454 1985 2495 Nico—

296 2525 394 2566 laus
438 2530 517 2566 aut
562 2525 740 2567 Blasius
783 2525 838 2566 de
865 2525 1072 2580 Boythor
1093 2560 1100 2566 .
1125 2559 1164 2566 ..
1212 2525 1309 2566 aliis
1353 2525 1630 2574 absentibus,
1665 2526 1800 2566 homo
1820 2525 1983 2580 regiuS,

296 2595 353 2636 ad
374 2595 534 2637 faciem
549 2595 772 2650 praetacti
793 2596 947 2651 oppidi
967 2595 1148 2651 Aldyod
1169 2609 1221 2637 ac
1241 2595 1451 2637 villarum
1473 2600 1517 2637 et
1538 2596 1870 2650 possessionum
1890 2596 1985 2636 sive
2001 2616 2041 2641 30

296 2666 674 2719 pertinentiarum
705 2667 918 2716 eiusdem,
948 2671 1363 2721 consequenterque
1392 2666 1653 2721 portionum
1684 2666 1984 2721 possessiona—

297 2736 465 2777 riarum
496 2737 692 2791 praefati
711 2737 905 2779 condam
930 2737 1135 2778 Wancha
1153 2737 1370 2792 Vv'yzther
1390 2737 1436 2778 in
1456 2737 1622 2778 eisdem
1641 2737 1914 2778 habitorum.
1940 2771 1947 2778 .
1973 2771 1980 2777 .

298 2806 557 2848 introducat
610 2808 868 2862 praefatum
920 2808 1230 2849 Alexandrum
1283 2812 1584 2862 exponentem
1637 2807 1682 2848 in
1735 2806 1985 2848 dominium

298 2877 555 2926 earundem,
602 2882 868 2933 statuatque
906 2878 1085 2920 easdem
1130 2878 1367 2920 eidem...
1415 2878 1450 2919 si
1493 2891 1584 2918 non
1628 2877 1761 2918 fuerit
1807 2881 1983 2919 contra-

299 2946 485 2988 dictum.
521 2947 883 2990 Contradictores
914 2962 1034 2998 vero,
1058 2948 1093 2990 si
1125 2948 1203 3003 qui
1234 2948 1415 2997 fuerint,
1450 2951 1606 2989 evocet
1627 2947 1807 2988 eosdem
1829 2952 1986 2989 contra
2001 2969 2039 2995 35

300 3020 571 3058 annotatum
615 3018 923 3060 Alexandrum
968 3023 1270 3074 exponentem
1327 3018 1385 3059 ad
1429 3018 1673 3059 terminum
1730 3022 1984 3073 competen-

300 3089 394 3126 tem
416 3099 424 3135 ;
451 3091 533 3128 etc.

445 3156 616 3197 Datum
661 3158 705 3198 in
750 3159 936 3200 civitate
979 3158 1255 3200 Bistriciensi
1299 3158 1410 3200 feria
1453 3158 1590 3200 tertia
1631 3158 1838 3213 proxima
1881 3163 1987 3214 post
