2209 3643
282 204 352 230 102
1051 190 1125 225 No.
1150 190 1196 235 78
1658 184 1732 238 [27.
1753 189 1848 223 Maii
1872 200 1963 234 1511

280 324 411 367 terris
435 323 633 371 etc.,sub
658 321 749 362 suis
773 320 889 361 veris
913 319 1046 360 metis
1071 323 1115 360 et
1141 318 1340 372 antiquis
1376 317 1635 371 [limitibus]
1659 318 1973 368 existentibus,

283 409 386 437 cum
396 394 565 435 intuitu
580 391 927 447 praemissorum
942 389 1229 431 servitiorum
1245 388 1442 443 ipsiust.‚
1453 393 1553 430 tum
1567 402 1675 430 vero
1690 402 1742 430 eo
1755 394 1975 444 respectu,

282 480 339 507 ne
359 466 480 506 bona
503 464 613 518 ipsa,
638 475 754 516 quae
777 460 978 515 alioquin
1001 460 1149 514 ipsum
1172 464 1204 500 t.
1230 459 1327 500 iura
1349 459 1780 514 consanguineitatis
1803 473 1978 501 concer-

284 540 400 578 nunt
427 539 471 575 et
502 533 676 575 ratione
704 545 896 586 quorum
924 530 1167 585 singularia
1193 544 1369 585 semper
1394 530 1578 571 servitia
1605 530 1743 571 etiam
1770 530 1980 571 exhibere

284 606 414 648 nobis
444 609 489 646 et
520 603 625 645 huic
655 616 792 657 regno
822 606 1018 650 tenetur,
1050 601 1153 642 hinc
1184 600 1287 642 inde
1318 600 1633 642 distrahantur
1662 605 1721 650 et,
1737 605 1789 642 ut
1820 601 1913 656 ipse
1943 605 1975 642 t.
2015 620 2034 646 5

285 676 495 730 deinceps
545 674 603 715 ad
651 687 704 715 ea
735 673 834 728 ipsa
865 672 1050 714 servitia
1080 671 1337 726 peragenda
1367 671 1619 726 promptior
1650 675 1695 712 et
1727 671 1981 726 diligentior

286 746 518 794 reddatur,
549 745 695 786 eidem
726 745 862 786 Petro
891 748 924 785 t.
956 743 1138 797 suisque
1168 742 1408 784 heredibus
1437 747 1481 784 et
1511 741 1856 797 posteritatibus
1885 742 1982 783 uni-

286 817 426 859 versis
453 816 674 864 dedimus,
704 814 976 856 donavimus
1002 818 1046 855 et
1075 813 1363 862 contulimus,
1393 813 1532 855 immo
1559 813 1733 862 damus,
1762 813 1983 854 donamus

287 893 331 930 et
357 887 630 929 conferimus
654 886 748 927 iure
775 890 996 941 perpetuo
1021 889 1066 926 et
1092 884 1446 926 irrevocabiliter
1470 884 1728 933 tenendam,
1755 883 1983 938 possiden-

291 959 411 1007 dam,
448 958 618 1013 pariter
652 962 696 998 et
731 955 1006 1004 habendam,
1045 956 1172 996 salvo
1206 955 1300 997 iure
1335 955 1494 1004 alieno,
1530 955 1691 996 harum
1726 958 1984 996 nostrarum
1998 973 2036 999 10

287 1029 443 1084 vigore
476 1033 520 1070 et
554 1028 816 1070 testimonio
848 1027 1104 1069 litterarum
1125 1026 1369 1075 mediante,
1392 1040 1505 1080 quas
1537 1026 1583 1066 in
1616 1026 1811 1067 formam
1843 1024 1985 1067 nostri

286 1100 508 1156 privilegii
536 1099 676 1154 redigi
705 1099 922 1140 faciemus
950 1098 1059 1139 dum
1087 1097 1217 1138 nobis
1245 1097 1289 1138 in
1318 1097 1463 1152 specie
1504 1096 1670 1138 fuerint
1711 1100 1983 1151 reportatae.

291 1172 479 1213 Datum.

437 1265 568 1309 (Liber
604 1264 867 1299 formularum
899 1262 1184 1309 archiepiscopi
1222 1262 1377 1297 Nicolai
1408 1262 1521 1303 Olah,
1554 1261 1621 1296 fol.
1659 1272 1716 1307 17.
1737 1260 1989 1296 Bibliotheca

304 1327 525 1359 conventus
545 1324 593 1358 de
611 1324 742 1370 Jaszo.
764 1324 838 1357 Ms.
862 1323 935 1356 No.
961 1322 1037 1367 78.)
2003 1327 2040 1353 15

1100 1473 1169 1514 78.

857 1585 999 1632 Euda,
1038 1595 1104 1636 27.
1143 1583 1266 1624 Maii
1301 1594 1427 1635 1511.

381 1676 637 1715 Wladislaus
664 1675 719 1715 ΙΙ.
749 1688 821 1714 rex
848 1675 1092 1726 Hungariae
1117 1687 1194 1726 pro
1219 1674 1437 1725 Bogdano,
1464 1672 1649 1712 vaivoda
1675 1670 1925 1711 Moldaviae.

444 1776 648 1830 Percepto
684 1775 873 1817 Turcam
903 1774 1152 1829 Bellogmdo
1185 1778 1221 1815 et
1250 1774 1306 1814 M
1309 1773 1501 1814 oldaviae
1533 1771 1772 1819 imminere,
1800 1769 1997 1825 precibus

303 1848 483 1903 Bogdcm
511 1847 718 1889 vaivodae
747 1847 802 1887 M
806 1846 999 1887 oldam'ae
1039 1849 1178 1886 motus
1219 1844 1441 1885 auxilium
1470 1843 1578 1895 ferre
1605 1846 1811 1897 paratum
1838 1854 1881 1881 se
1910 1853 1997 1881 esse
2013 1847 2049 1874 20

301 1918 492 1968 nuntiat,
525 1932 657 1973 quare
694 1917 971 1959 Varadinum
1003 1915 1357 1957 insurrectionem
1388 1914 1581 1962 decrevit,
1615 1913 1671 1954 ad
1703 1925 1827 1967 quem
1858 1911 1999 1952 locum

305 1990 486 2045 quisque
514 1989 752 2031 dimidium
779 1988 985 2029 exercitus
1013 1988 1085 2028 sui
1111 1987 1274 2028 mittere
1301 1985 1456 2027 debeat.

448 2096 720 2137 Wladislaus
729 2100 812 2136 etc.
826 2094 1138 2136 Intelleximus
1157 2098 1200 2135 et
1217 2107 1262 2134 re
1282 2106 1391 2134 vera
1409 2105 1490 2146 pro
1510 2090 1745 2145 explorato
1763 2088 1997 2136 habemus,

305 2167 473 2222 partim
518 2181 572 2208 ex
617 2170 794 2208 oratore
835 2165 1113 2207 Serenissimi
1168 2164 1282 2218 regis
1326 2163 1616 2210 Polonorum,
1662 2159 1814 2201 fratris
1857 2157 2000 2200 nostri

305 2238 569 2286 charissimi,
604 2251 738 2292 quem
769 2236 859 2278 Sua
892 2236 1105 2277 Maiestas
1138 2235 1182 2276 in
1216 2233 1572 2290 praesentiarum
1605 2231 1835 2286 signanter
1867 2243 1999 2284 prop·
2013 2237 2052 2263 25

307 2313 430 2350 terea
459 2308 637 2363 trepida
667 2308 725 2349 ad
753 2321 834 2349 nos
865 2307 1186 2349 acceleratione
1215 2305 1353 2354 misit,
1384 2304 1552 2359 partim
1582 2317 1636 2344 ex
1665 2300 1827 2343 litteris
1856 2299 2002 2341 fidelis

307 2379 450 2420 nostri
477 2379 745 2434 Spectabilis
774 2392 825 2420 ac
855 2378 1084 2433 Magnifici
1113 2376 1333 2432 Bogdani,
1364 2380 1509 2417 terrae
1538 2377 1718 2415 nostrae
1747 2370 2002 2413 Moldaviae

308 2450 545 2499 vaivodae‚
591 2450 713 2504 quod
756 2449 942 2504 quidam
985 2449 1104 2490 filius
1147 2446 1431 2502 imperatoris
1472 2446 1722 2486 Turcorum
1763 2454 2002 2484 numeroso

308 2520 556 2562 Turcorum
600 2520 800 2562 exercitu
843 2534 898 2561 ex
944 2519 1072 2561 Casta
1115 2532 1316 2566 movenS,
1347 2522 1547 2559 castrum
1590 2518 1796 2556 nostrum
1840 2513 2004 2554 Nester

310 2591 523 2645 Fejervar
558 2591 766 2641 obsedit;
804 2591 924 2632 filius
959 2595 1113 2632 autem
1149 2588 1434 2644 imperatoris
1468 2587 1711 2628 Tartarum
1745 2582 1916 2638 ingenti
1952 2595 2002 2623 ac
2017 2589 2054 2616 30

312 2662 492 2717 copiosa
506 2676 645 2703 manu
659 2675 795 2716 penes
810 2662 955 2703 Dasso
969 2675 1111 2716 prope
1125 2659 1402 2702 Moldaviam
1417 2657 1634 2706 consedit,
1668 2660 1713 2697 et
1733 2655 1836 2696 illuc
1856 2657 2005 2695 castra

313 2745 394 2773 sua
427 2732 609 2781 locavit,
645 2746 860 2787 quorsum
895 2737 1049 2774 autern
1083 2735 1273 2773 conatus
1306 2730 1506 2785 ipsorum
1540 2727 1714 2775 tendat,
1751 2725 1841 2766 iam
1875 2722 2004 2764 facile

314 2807 455 2856 patet.
493 2803 646 2857 Agunt
681 2803 814 2851 enim,
849 2807 901 2844 ut
935 2803 1052 2844 vires
1087 2802 1362 2856 coniungant
1397 2804 1442 2841 et
1475 2797 1647 2839 mutuis
1680 2795 1784 2837 freti
1816 2793 2001 2841 viribus,

315 2873 590 2914 Moldaviam
620 2873 764 2928 ipsam
794 2873 839 2914 in
868 2887 1034 2928 magna
1061 2877 1301 2928 propterea
1329 2868 1631 2925 trepidatione
1660 2880 1779 2908 nunc
1808 2865 2004 2906 locatam

317 2948 551 2996 occupent,
587 2948 637 2984 ut
672 2943 775 2984 inde
811 2944 928 2985 vires
963 2958 1131 2992 eorum,
1168 2954 1438 2997 quocunque
1471 2937 1710 2985 voluerint,
1745 2934 1926 2977 liberius
1959 2938 2003 2975 et
2019 2943 2054 2969 35

316 3012 604 3066 perniciosius
643 3014 874 3055 effundere
926 3015 1123 3062 valeant,
1177 3026 1267 3067 qua
1319 3014 1540 3064 occupata
1597 3008 1735 3060 (Deus
1786 3008 2005 3061 perpetuo

319 3084 513 3136 avertat)
538 3083 721 3125 difficile
741 3088 807 3125 est
828 3084 1049 3138 impetum
1070 3097 1223 3125 eorum
1244 3082 1301 3124 ab
1320 3078 1646 3127 Transssvania,
1668 3081 1712 3118 et
1732 3088 2005 3130 consequen-

320 3157 388 3193 ter
403 3153 460 3193 ab
476 3153 572 3215 aliis
597 3153 742 3207 regnis
767 3154 931 3195 nostris
958 3161 1169 3196 coercere.
1198 3153 1297 3194 Hac
1323 3151 1441 3193 enim
1468 3154 1564 3191 arte
1590 3152 1633 3190 et
1661 3147 1818 3189 fraude
1843 3146 1889 3188 id
1914 3145 2004 3186 iam
