2209 3643
313 207 362 248 93
1087 195 1161 231 No.
1186 206 1232 241 74
1698 190 1772 245 [25.
1792 194 1882 239 Jan.
1907 205 2004 241 1509

310 343 357 377 et
394 330 772 388 expeditionibus,
811 342 927 382 quae
963 326 1131 368 scilicet
1168 324 1384 380 praefatis
1421 324 1605 366 domino
1641 329 1796 365 nostro
1831 324 1923 379 regi
1960 333 2005 366 et

314 403 544 447 Ludovico
581 399 684 442 duci
717 399 810 440 eius
848 402 971 444 nato,
1012 400 1426 450 consequenterque
1476 409 1626 437 sacrae
1665 408 1855 436 coronae
1880 408 2006 449 prae-

313 474 525 517 iuditium
549 471 644 512 sive
669 468 955 523 dispendium
980 467 1164 521 aliquod
1188 480 1280 508 non
1304 466 1534 515 inferrent,
1561 471 1613 507 ut
1638 479 1721 520 par
1745 469 1827 513 est,
1854 465 2004 506 stude-

314 546 462 587 bimus
507 542 661 584 adesse
706 545 751 582 et
797 543 958 580 contra
1003 537 1228 592 quoslibet
1274 551 1490 592 personae
1535 550 1776 590 rerumque
1821 549 2005 577 suarum

315 616 570 658 turbatores
608 616 687 654 aut
725 610 1037 652 molestatores
1075 613 1119 650 et
1158 608 1383 663 praetacti
1418 607 1544 663 regni
1579 607 1649 649 sui
1686 607 1916 648 invasores
1953 620 2005 648 ac
2043 616 2060 642 5

316 684 589 741 depopulare
627 696 706 724 seu
743 680 982 722 devastare
1019 679 1223 721 volentes
1262 679 1456 727 obstare,
1496 678 1696 732 totisque
1734 676 1913 726 nostris,
1952 680 2005 718 ut

314 755 626 812 praemisimus
655 752 827 794 viribus
857 750 1052 792 fideliter
1081 755 1125 792 et
1156 750 1286 798 iuste,
1320 749 1450 791 iuxta
1479 763 1611 791 omne
1642 761 1771 803 posse
1799 752 2006 789 nostrum

314 827 516 869 resistere
547 830 591 866 et
624 822 837 871 incumbi,
872 821 1011 863 immo
1042 820 1353 876 promittimus
1384 825 1522 875 atque
1553 819 1815 874 pollicemur
1845 819 2007 860 harum

314 902 571 940 nostrarum
611 895 763 950 vigore
787 898 832 936 et
863 892 1124 934 testimonio
1164 892 1420 933 litterarum
1460 890 1703 932 mediante.

467 968 641 1009 Datum
674 966 720 1007 in
752 964 939 1007 civitate
965 962 1291 1006 Colosvariensi
1323 962 1369 1003 in
1406 962 1522 1003 festo
1550 961 1797 1003 Beatorum
1818 959 2009 1001 Fabiani
2022 968 2059 996 10

313 1045 356 1081 et
396 1037 652 1080 Sebastiani
692 1035 943 1078 Mai-tirum.
979 1035 1111 1076 Anno
1143 1033 1327 1075 Domini
1360 1043 1483 1087 1509.

453 1128 686 1168 Indorsatio
709 1141 720 1164 .·
758 1128 882 1166 Peter
919 1126 1012 1177 gros
1048 1125 1186 1164 mikor
1223 1125 1519 1176 egyenesseget
1557 1123 1770 1161 moldovai
1807 1122 2010 1173 vajdaval

314 1191 525 1228 szerzett.1

562 1271 789 1317 (Originale.
816 1271 1038 1305 Archivum
1060 1269 1261 1304 baronum
1283 1269 1479 1314 Kemeny,
1506 1268 1781 1314 Nagyenyed.)

1113 1410 1179 1451 74.
2024 1431 2060 1457 15

733 1520 1064 1575 Nagyszoiizbczt,
1105 1531 1172 1572 25.
1211 1519 1428 1573 summarii
1466 1530 1591 1571 1509.

315 1614 568 1653 Wladislaus
596 1613 652 1652 ΙΙ.
682 1625 756 1651 rex
782 1611 1027 1662 Hungariae
1055 1610 1284 1649 conventui
1311 1609 1506 1648 ecclesiae
1538 1609 1589 1647 de
1618 1608 2007 1647 Kolozsmonostor.

444 1712 714 1754 Mandatum
741 1709 1018 1752 statutorimn
1057 1713 1189 1764 super
1218 1708 1440 1751 medietate
1464 1707 1753 1763 possessionis
1791 1707 2010 1761 Szunyog-

316 1798 408 1838 szeg
444 1788 522 1839 pro
548 1786 669 1838 parte
708 1781 868 1823 nobilis
896 1780 1111 1836 Stephani
1142 1780 1198 1821 M
1202 1779 1332 1834 aylad
1359 1779 1587 1833 boyaronis
1615 1778 1667 1820 W
1670 1777 1821 1820 olaclnss.

462 1889 734 1931 Wladislaus
781 1887 866 1929 Dei
912 1887 1059 1942 gratia
1105 1901 1183 1928 rex
1231 1885 1491 1940 Hungariae
1539 1890 1583 1926 et
1632 1884 1876 1926 Bohemiae
1923 1889 2007 1927 etc.
2025 1903 2060 1929 20

320 1961 547 2002 Fidelibus
568 1959 733 2002 nostris
754 1958 1000 2001 conventui
1021 1957 1230 1999 ecclesiae
1253 1957 1307 1998 de
1331 1956 1718 1998 Kolosmonostra.
1741 1955 1943 1997 Salutem
1965 1960 2010 1997 et

319 2032 526 2087 gratiam.
552 2032 665 2074 Cum
687 2044 768 2072 nos
791 2030 853 2071 illi
875 2029 1060 2071 fassioni
1081 2034 1126 2070 et
1149 2027 1402 2083 perpetuali
1424 2026 1652 2068 collationi
1674 2030 1718 2067 et
1742 2025 2009 2076 venditioni,

319 2117 458 2158 quam
478 2103 588 2144 alias
608 2101 780 2144 nobiles
800 2100 1004 2148 Michael‚
1028 2101 1202 2147 Petrus,
1227 2098 1439 2140 Nicolaus
1459 2102 1504 2139 et
1525 2097 1760 2139 Ladislaus
1781 2097 1835 2138 de
1857 2097 2009 2146 Forro,

319 2175 374 2216 de
409 2179 454 2216 et
489 2187 622 2229 super
657 2172 904 2214 medietate
939 2170 1094 2213 totalis
1130 2169 1421 2225 possessionis
1457 2168 1768 2224 anyogzegh
1804 2172 2009 2217 vocatae,

319 2245 526 2300 portione
585 2244 753 2286 scilicet
813 2243 1013 2298 ipsorum
1058 2239 1420 2296 possessionaria,
1469 2239 1514 2280 in
1560 2239 1782 2280 comitatu
1827 2238 2012 2280 Albensi
2024 2256 2060 2282 25

317 2316 679 2371 Transsylvanae
697 2313 911 2356 existenti
929 2312 1101 2360 habita,
1113 2311 1237 2353 fideli
1255 2316 1409 2352 nostro
1428 2310 1567 2352 nobili
1585 2309 2009 2365 MayladWolacho,

320 2386 539 2441 boyaroni
570 2386 779 2427 videlicet
812 2389 967 2426 nostro
1000 2384 1053 2425 de
1088 2384 1312 2430 Komana,
1342 2381 1648 2423 mediantibus
1666 2380 1827 2422 litteris
1856 2380 2011 2422 fassio-

327 2457 504 2498 nalibus
531 2457 679 2498 fidelis
698 2456 853 2505 nostri,
868 2453 1135 2510 Spectabilis
1161 2458 1205 2495 et
1232 2452 1462 2507 Magnifici
1487 2451 1664 2493 comitis
1681 2451 1816 2500 Petri,
1834 2450 2012 2492 comitis

322 2528 377 2569 de
401 2527 557 2583 Bozyn
580 2532 624 2568 et
649 2528 702 2568 de
723 2527 890 2568 Sancto
912 2525 1116 2580 Georgio,
1141 2523 1299 2565 iudicis
1322 2523 1470 2565 curiae
1492 2527 1672 2564 nostrae
1695 2527 1739 2563 et
1762 2522 2011 2577 wayvodae

322 2598 465 2639 nostri
517 2597 941 2653 Transsylvanensis
980 2601 1083 2645 etc.,
1124 2609 1205 2650 pro
1245 2599 1367 2636 certa
1406 2607 1584 2635 summa
1622 2592 1915 2647 pecuniarum
1967 2592 2012 2634 in
2026 2610 2061 2636 30

323 2668 489 2710 eisdem
532 2668 693 2710 litteris
736 2667 1052 2710 fassionahbus
1095 2670 1458 2720 expressatarum
1501 2663 1656 2705 fecisse
1700 2663 2009 2711 dinoscuntur,

325 2744 529 2780 nostrum
551 2739 722 2793 regium
744 2744 788 2780 et
811 2738 1060 2793 gratiosum
1084 2750 1350 2778 consensum
1373 2735 1523 2789 vigore
1546 2734 1735 2776 aliarum
1757 2733 2012 2774 litterarum

323 2814 579 2850 nostrarum
616 2809 853 2864 superinde
891 2809 1199 2850 confectarum
1236 2805 1587 2861 praebuerimus,
1615 2809 1659 2845 et
1696 2803 2012 2845 nichilominus

327 2879 515 2921 attentis
557 2885 601 2922 et
646 2879 938 2921 consideratis
981 2878 1203 2920 fidelitate
1246 2882 1290 2918 et
1334 2875 1527 2917 servitiis
1570 2874 1769 2916 eiusdem
1812 2874 1996 2929 Maylad

328 2963 443 3002 quae
471 2949 589 2991 idem
618 2963 767 2991 sacrae
803 2949 1021 3004 imprimis
1049 2948 1182 2990 huius
1208 2947 1332 3001 regni
1360 2945 1503 3000 nostri
1530 2944 1778 2998 Hungarici
1806 2957 2008 2993 coronae,
2027 2962 2060 2987 35

326 3023 370 3059 et
401 3019 560 3060 deinde
589 3020 817 3061 Maiestati
846 3020 1052 3067 Nostrae,
1084 3019 1213 3060 iuxta
1252 3031 1357 3058 suae
1398 3014 1709 3070 possibilitatis
1739 3014 2010 3068 exigentiam

464 3158 620 3210 llPetru
646 3159 730 3202 gros
754 3169 804 3204 pe
837 3156 936 3193 efind
966 3159 1024 3193 s’a
1056 3157 1285 3204 indrep‘catit
1309 3167 1357 3190 cu
1392 3155 1566 3189 voivoda
1590 3154 1803 3190 Moldovei.
