2209 3643
221 187 277 222 14.
302 177 416 211 Febr,
442 171 551 225 1538]
916 176 989 210 No.
1014 186 1215 219 232—233
1839 184 1912 220 279

217 321 313 350 esse
348 307 557 350 debeant.
595 306 728 362 ErgO,
764 307 841 348 ubi
876 306 938 348 illi
972 306 1030 348 ad
1064 306 1375 361 quaestionem
1410 311 1695 356 vocarentur,
1731 306 1911 348 ducturi

217 383 370 421 essent
411 378 650 434 complices
689 391 806 419 suos.
853 378 979 419 Idem
1022 377 1257 420 Ladislaus
1303 378 1527 420 Porkolab
1568 378 1725 420 eadem
1773 377 1912 419 verba

217 464 371 493 coram
405 450 546 506 Regia
577 448 815 490 Maiestate
845 448 1089 490 ductorum
1121 449 1301 505 recepit.

365 521 514 563 Multa
554 519 644 562 alia
685 523 799 568 sunt,
841 534 950 575 quae
990 519 1105 561 dictu
1158 521 1289 576 digna
1335 534 1422 562 rzon
1462 521 1672 569 videntur,
1714 520 1911 576 quamvis

180 605 202 630 Υ)
218 592 450 648 praedictis
477 590 644 633 similia
670 595 746 632 aut
771 590 856 641 sere
882 590 1048 632 maiora
1077 591 1201 633 sintfl

366 661 710 705 Contubernalis
749 674 876 703 meus
916 661 1125 703 dominus
1165 662 1345 704 Gabriel
1385 662 1440 704 de
1480 662 1612 704 rebus
1652 661 1909 704 huiusmodi

215 734 438 776 disserens
464 747 516 775 ac
542 732 768 788 quaedam
791 732 920 774 nobis
942 732 1091 787 legens
1111 734 1300 788 rogabat
1322 747 1393 774 me
1415 733 1522 782 heri,
1545 737 1596 775 ut
1618 732 1795 788 copiam
1816 732 1910 774 eius

219 803 618 847 Dominationibus
662 804 833 845 Vestris
862 804 1068 846 facerem.
1115 804 1247 859 Quod
1292 818 1344 846 eo
1388 804 1600 846 libentius
1645 803 1742 853 feci,
1787 803 1910 859 quod

215 876 375 919 scirem
404 875 584 918 easdem
611 888 731 917 nunc
759 874 979 916 similibus
1007 875 1230 930 paralellis
1257 880 1301 917 et
1330 875 1518 924 turbari,
1548 880 1591 917 et
1621 874 1769 916 affici:
1799 875 1909 916 Tur-

159 958 198 985 10
215 947 313 990 bari
340 947 395 989 de
421 946 609 995 amissis,
638 945 757 987 affici
784 959 886 988 cum
913 960 1003 987 non
1030 946 1111 987 soli
1138 950 1356 1002 perpetuo
1383 946 1480 987 sitis
1506 945 1909 1001 stratagematibus

214 1018 426 1074 impetiti,
464 1017 543 1059 sed
578 1017 744 1059 habere
780 1017 935 1058 socios.

346 1109 575 1154 (Originale.
607 1110 774 1154 Magyar
803 1108 985 1143 Nemzeti
1015 1109 1198 1145 Muzeum
1229 1113 1505 1156 torzsanyaga.
1539 1109 1773 1154 Budapest.)

1011 1263 1109 1304 232.

674 1362 909 1411 Piotrko'w,
944 1375 1011 1416 14.
1051 1362 1282 1403 Februarii
1314 1362 1439 1415 1538.

153 1467 190 1493 15
464 1453 747 1504 Hieronymus
774 1446 901 1491 Laski
930 1452 1195 1490 Ferdinando
1224 1452 1255 1490 I.
1287 1452 1369 1503 regi
1400 1451 1653 1502 Hungariae.

361 1552 557 1594 Vaivoda
589 1552 841 1594 Moldaviae
869 1552 1056 1593 Polonos
1087 1552 1136 1592 in
1166 1551 1328 1593 minori
1358 1556 1505 1606 pugna
1536 1551 1701 1592 devicit.

360 1659 447 1702 Hic
472 1659 518 1701 in
545 1659 633 1701 ista
659 1660 792 1701 huius
818 1659 941 1714 regni
968 1663 1013 1700 et
1041 1658 1250 1700 ordinum
1279 1658 1491 1700 Poloniae
1517 1657 1654 1707 dieta,
1683 1657 1836 1700 omnia
1861 1657 1906 1700 in

209 1730 484 1772 discordiam
514 1735 559 1772 et
588 1730 815 1772 tumultus
842 1730 1053 1779 tendunt,
1078 1730 1219 1784 Regia
1248 1743 1356 1772 vero
1384 1729 1597 1770 Maiestas
1626 1728 1906 1784 aegritudine

210 1801 445 1843 decumbit
467 1816 476 1852 ;
506 1802 746 1843 Moldavus
763 1806 917 1843 autem
941 1801 1151 1843 Russiam
1169 1801 1269 1855 igne
1285 1804 1330 1842 et
1347 1801 1464 1842 ferro
1479 1800 1621 1842 afficit
1637 1804 1907 1855 nostrosque

149 1881 190 1907 20
210 1873 451 1914 nonnullos
493 1873 539 1915 in
580 1872 780 1927 quodam
823 1872 907 1914 levi
940 1872 1186 1914 certamine
1215 1871 1340 1920 vicit,
1371 1870 1417 1912 id
1445 1871 1571 1925 quod
1599 1870 1690 1913 scio
1718 1871 1806 1912 Vrae
1836 1863 1902 1912 Mti

206 1944 414 1986 Sacramae
474 1943 843 1986 adversissimum
895 1947 940 1985 et
998 1942 1366 1985 molestissimum
1414 1942 1521 1992 sore,
1570 1946 1756 1998 propter
1800 1955 1904 1984 eum

207 2015 445 2065 affectum,
466 2029 601 2070 quem
621 2015 691 2056 Vra
712 2014 944 2056 Celsitudo
975 2028 1079 2069 erga
1111 2014 1192 2055 hos
1220 2013 1359 2055 Sermos
1379 2012 1450 2055 hic
1482 2026 1605 2067 reges
1625 2013 1763 2054 habet
1785 2026 1794 2063 ;
1816 2017 1900 2055 etc.

356 2086 643 2128 Petrikoviae
663 2086 707 2127 in
729 2086 852 2127 dieta
871 2085 994 2140 regni
1015 2085 1240 2133 Poloniae,
1265 2097 1330 2138 14.
1354 2084 1599 2126 Februarii.
1621 2084 1755 2125 Anno
1777 2083 1901 2137 1538.

492 2177 826 2223 (Autographum.
863 2175 1149 2214 Staatsarchiv,
1190 2175 1313 2209 Wien.
1353 2174 1611 2219 Hungarica.)

149 2343 187 2369 25
999 2330 1099 2372 233.

756 2430 920 2478 Praha,
954 2430 993 2470 6.
1027 2429 1189 2470 Martii
1222 2427 1347 2481 1538.

370 2520 580 2560 Giovanni
615 2521 785 2560 Morone
819 2519 994 2559 nuntius
1027 2517 1229 2557 cardinali
1262 2517 1503 2556 Alexandro
1537 2516 1728 2555 Farnese.

353 2620 400 2661 N
402 2634 479 2662 ova
501 2621 660 2662 nuntia
683 2620 733 2661 de
754 2619 1019 2674 aggressione
1042 2618 1245 2659 vaivodae
1268 2618 1323 2659 M
1326 2617 1519 2659 oldavz‘ae
1542 2616 1716 2671 eiusque
1739 2615 1898 2657 causis.

354 2727 442 2769 Alli
467 2728 611 2783 giorni
635 2727 807 2783 passati
832 2739 912 2782 per
936 2725 980 2766 la
1005 2724 1228 2767 discordia
1253 2724 1445 2778 antiqua
1470 2727 1541 2764 tra
1566 2723 1596 2764 il
1620 2722 1831 2778 predetto
1856 2736 1903 2764 re

149 2802 188 2828 3⁰
208 2797 254 2839 di
282 2798 469 2840 Polonia
496 2802 544 2840 et
571 2799 601 2840 il
628 2797 826 2840 vaivoda
853 2797 898 2839 di
926 2795 1155 2838 Moldavia
1182 2809 1318 2837 erano
1346 2794 1536 2836 adunati
1564 2794 1713 2835 alcuni
1740 2792 1902 2835 cavalli

208 2869 268 2911 da
301 2883 393 2911 una
424 2874 555 2925 parte
588 2874 633 2911 et
667 2869 829 2910 l'altra.
867 2867 1153 2910 Nondimeno
1187 2880 1265 2921 per
1298 2865 1472 2907 diverse
1506 2863 1813 2906 intercessioni
1846 2863 1902 2905 de

207 2940 342 2982 amici
376 2940 404 2982 li
440 2940 638 2996 predetti
672 2939 864 2995 principi
898 2952 989 2980 non
1023 2951 1160 2979 erano
1194 2936 1352 2978 venuti
1387 2949 1414 2977 a
1447 2939 1626 2977 rottura
1660 2935 1822 2977 alcuna
1856 2938 1901 2976 et

204 3011 418 3053 cadauno
439 3015 574 3053 stava
586 3010 852 3066 guardando
868 3009 897 3050 li
919 3009 989 3050 sui
1011 3008 1189 3050 confini.
1216 3007 1342 3049 Hora
1363 3006 1399 3048 si
1422 3008 1444 3047 e
1467 3006 1613 3048 inteso
1635 3006 1717 3048 che
1738 3005 1769 3047 il
1790 3004 1901 3047 Mol-

355 3166 368 3186 1
394 3166 505 3200 Haec
531 3167 571 3199 et
596 3163 805 3210 sequentia
829 3163 907 3197 alia
932 3173 1065 3196 manu.
