2209 3643
186 162 245 196 13.
277 151 368 198 Jan.
406 146 515 202 1502]
964 153 1038 189 No.
1061 164 1110 199 49
1833 164 1881 199 59

185 281 461 331 habitarum,
481 316 488 324 .
513 316 520 324 .
545 316 552 324 .
574 296 695 324 nunc
729 283 852 338 apud
887 297 1048 325 manus
1094 284 1323 339 Magnifici
1366 284 1585 340 Stephani
1630 283 1880 340 wayvodae

183 352 480 395 Moldaviensi
506 353 706 395 indebite
735 354 1022 396 haberentur.

328 424 501 466 Datum
522 424 568 465 in
589 424 704 466 festo
726 425 896 466 Beatae
918 426 1156 468 Elizabeth
1176 426 1367 481 reginae.
1390 427 1523 468 Anno
1544 426 1729 468 Domini
1752 436 1876 479 1501.

246 517 496 564 (Conceptus.
520 518 740 553 Archivum
753 529 868 553 conv.
885 520 934 554 de
950 518 1315 561 Kolozsmonostor,
1347 519 1578 555 Kolozsvar.
1595 520 1669 555 No.
1696 520 1798 565 322.)

975 660 1044 701 49.

652 769 778 817 Vcicz,
812 781 880 821 13.
915 769 1132 823 januarii
1164 782 1290 823 1502.

363 858 607 910 Capitulum
648 860 843 899 ecclesiae
885 860 1098 899 Vaciensis
1138 873 1214 912 pro
1251 861 1408 912 Sophia
1448 861 1674 912 Desewffy.

324 956 561 998 Michaelis
584 957 711 999 Szobi
734 958 865 999 vidua
894 959 916 1012 (
918 958 1085 1013 Sophia
1114 958 1282 1010 Dezso'fi
1304 959 1354 1000 de
1377 959 1589 1014 Losoncz)
1618 973 1661 1001 se
1683 963 1760 1015 pro
1783 961 1876 1002 dote

177 1041 204 1069 a
234 1027 453 1082 Stephano
483 1028 665 1070 vaivoda
698 1029 753 1070 M
756 1029 950 1071 oldaviae
979 1029 1126 1071 Csicso'
1157 1035 1194 1072 et
1223 1043 1273 1071 ex
1302 1031 1577 1085 pertinentiis
1607 1030 1693 1072 sibi
1722 1031 1875 1073 debitis

120 1121 159 1148 10
177 1111 261 1152 400
281 1099 481 1149 filorenos
503 1100 719 1155 accepisse
740 1104 930 1149 testatur,
952 1101 1002 1142 de
1022 1115 1103 1156 quo
1125 1115 1223 1142 eum
1243 1115 1341 1142 cum
1360 1100 1467 1152 filio,
1494 1102 1672 1156 Bogdan
1693 1102 1873 1144 vaivoda

175 1170 368 1225 quietum
391 1170 542 1211 reddit.

320 1277 414 1318 Nos
455 1276 706 1331 capitulum
747 1277 957 1319 ecclesiae
998 1278 1258 1320 WaciensiS.
1301 1279 1544 1321 Memoriae
1585 1280 1874 1322 commenda-

174 1361 276 1389 mus
317 1351 472 1389 tenore
512 1347 818 1402 praesentium
858 1348 1166 1403 significantes
1206 1349 1371 1404 quibus
1410 1349 1594 1405 expedit
1636 1350 1873 1402 universis,

174 1418 298 1473 quod
330 1432 545 1473 generosa
578 1418 762 1460 domina
803 1419 971 1474 Sophia
1004 1434 1184 1461 consors
1217 1420 1379 1475 egregii
1412 1421 1642 1462 Michaelis
1675 1421 1729 1463 de
1762 1422 1870 1471 Zob,

119 1512 156 1539 15
175 1489 268 1530 filia
288 1489 497 1531 videlicet
518 1489 748 1544 Magnifici
768 1490 960 1531 condam
981 1491 1178 1532 Ladislai
1198 1491 1279 1532 filii
1299 1491 1405 1533 olim
1422 1491 1642 1546 Stephani
1662 1493 1872 1548 Desewfy

174 1560 229 1602 de
256 1561 492 1609 LossonCZ‚
522 1574 673 1602 coram
701 1561 830 1602 nobis
858 1562 1152 1616 personaliter
1178 1562 1444 1611 constituta,
1473 1567 1635 1618 sponte
1661 1568 1706 1604 et
1734 1563 1871 1606 libere

173 1632 377 1674 confessa
405 1636 473 1673 est
503 1645 555 1674 ac
585 1631 739 1673 retulit
770 1632 815 1673 in
836 1632 955 1674 hunc
978 1633 1163 1674 modum
1186 1646 1193 1673 :
1226 1633 1372 1688 Quod,
1403 1633 1511 1688 quia
1538 1633 1625 1675 sibi
1654 1634 1871 1689 Egregius

174 1703 350 1744 Ivanko
382 1702 554 1758 boyaro
586 1708 631 1744 et
664 1702 898 1744 familiaris
927 1703 1195 1758 Spectabilis
1227 1718 1278 1745 ac
1311 1704 1541 1758 Magnifici
1572 1704 1745 1746 domini
1773 1705 1871 1747 Ste-

173 1773 313 1828 phani
333 1773 509 1815 heredis
530 1777 575 1815 et
598 1773 770 1815 domini
791 1774 1103 1828 vaivodaeque
1125 1779 1271 1816 terrae
1292 1774 1614 1817 Moldaviensis
1635 1775 1680 1816 in
1701 1780 1870 1818 sortem

119 1867 157 1894 20
172 1844 409 1886 solutionis
431 1848 476 1886 et
501 1844 760 1886 omnimode
782 1844 1106 1886 satisfactionis
1129 1845 1248 1887 dotis
1271 1859 1322 1887 ac
1345 1859 1494 1887 rerum
1517 1846 1869 1900 parafernalium

173 1915 279 1956 olim
310 1929 550 1970 generosae
581 1915 792 1957 dominae
825 1916 1118 1965 Katherfflae,
1152 1916 1371 1958 consortis
1403 1917 1642 1971 praelibati
1674 1918 1869 1959 condam

169 1986 390 2041 Stephani
418 1986 642 2042 Desewfy,
672 1986 831 2028 matris
858 1987 997 2042 ipsius
1026 1986 1235 2035 Ladislai‚
1265 1987 1394 2028 aviae
1421 1987 1590 2029 scilicet
1618 2001 1739 2037 suae,
1768 2002 1869 2030 nec-

173 2071 265 2099 non
308 2062 499 2112 quartae
543 2057 755 2112 puellaris
799 2057 1038 2111 iurumque
1081 2071 1266 2099 suorum
1310 2058 1678 2112 quartalitiorum
1722 2059 1868 2101 eidem

171 2127 382 2170 dominae
409 2128 603 2183 Sophiae
624 2128 679 2170 de
694 2133 842 2170 castro
873 2128 1056 2183 Chycho
1086 2133 1265 2177 vocato,
1297 2142 1349 2170 ac
1379 2128 1599 2170 universis
1629 2130 1869 2184 possessio-

117 2221 154 2248 25
170 2198 304 2240 nibus
345 2199 720 2254 portionibusque
750 2204 794 2240 et
826 2199 1101 2254 quibuslibet
1133 2199 1304 2240 iuribus
1334 2199 1692 2254 possessionariis
1741 2215 1868 2255 prae-

171 2269 255 2311 fati
279 2269 472 2312 condam
497 2270 708 2320 Ladislai‚
734 2270 876 2325 patris
900 2270 982 2318 sui,
1008 2269 1199 2311 ubilibet
1223 2274 1267 2311 et
1292 2270 1337 2311 in
1361 2270 1706 2325 quibuscunque
1729 2272 1866 2313 comi-

170 2340 345 2382 tatibus
371 2340 572 2396 partium
599 2341 1022 2383 Transsilvanarum
1050 2340 1350 2382 existentibus
1377 2345 1422 2382 et
1450 2341 1632 2390 habitis,
1661 2342 1720 2383 ad
1746 2342 1866 2384 idem

170 2415 371 2453 castrum
406 2412 590 2467 Chycho
620 2412 933 2467 spectantibus
959 2416 1003 2453 et
1030 2411 1376 2466 pertinentibus,
1404 2411 1534 2453 iuxta
1559 2412 1701 2467 legem
1727 2417 1866 2467 atque

170 2482 474 2537 approbatam
507 2483 631 2538 regni
664 2482 1036 2525 consuetudinem
1070 2482 1305 2536 provenire
1339 2482 1617 2531 debentium,
1653 2484 1866 2537 quadrin-

114 2574 152 2602 30
168 2557 327 2607 gentos
362 2553 556 2595 florenos
592 2554 691 2596 auri
726 2553 827 2609 puri
848 2553 1172 2607 Hungaricales
1207 2552 1301 2594 veri
1336 2557 1381 2594 et
1417 2553 1524 2594 iusti
1559 2554 1782 2608 ponderis,
1820 2555 1866 2596 in

170 2637 361 2678 persona
397 2624 592 2679 praefati
628 2624 800 2666 domini
834 2623 1054 2679 Stephani
1091 2623 1327 2672 vaivodae,
1367 2623 1539 2665 domini
1575 2624 1743 2666 scilicet
1781 2625 1862 2674 sui,

169 2694 366 2736 dedisset
409 2695 710 2750 effectiveque
752 2694 973 2743 solvisset,
1018 2694 1118 2735 ideo
1160 2693 1258 2748 ipsa
1300 2694 1484 2735 domina
1522 2695 1691 2750 Sophia
1732 2708 1866 2750 super

168 2764 428 2807 huiusmodi
462 2766 686 2808 solutione
723 2766 949 2807 dictorum
986 2764 1420 2819 quadringentorum
1456 2765 1731 2807 florenorum
1767 2766 1865 2808 auri

169 2835 229 2876 ad
253 2835 437 2890 plenum
464 2841 694 2885 contenta,
722 2840 1024 2878 memoratum
1051 2835 1286 2876 dominum
1309 2835 1592 2890 Stephanum
1619 2836 1864 2878 vaivodam

114 2928 153 2955 35
169 2919 220 2947 ac
270 2906 415 2948 filium
465 2907 679 2956 eiusdem,
749 2907 938 2961 Bogdan
994 2905 1130 2947 vaida
1179 2905 1466 2947 nominatum
1528 2907 1864 2962 eorundemque

169 2976 354 3018 heredes
386 2981 431 3019 et
452 2978 744 3032 posteritates
769 2977 1001 3019 universos
1026 2990 1160 3031 super
1184 2976 1472 3031 praescriptis
1516 2977 1622 3019 dote
1659 2982 1704 3019 et
1730 2978 1863 3020 rebus

169 3047 527 3101 parafernalibus
562 3048 823 3102 iuribusque
858 3047 949 3088 suis
985 3046 1273 3101 quartalitiiS,
1311 3047 1502 3101 quietos,
1539 3048 1776 3103 expeditos
1811 3063 1863 3091 ac

168 3117 314 3158 modis
353 3118 562 3160 omnibus
601 3119 832 3161 absolutos
871 3117 1139 3159 reddidisset
1178 3122 1222 3159 et
1264 3117 1589 3168 commisisset;
1630 3124 1864 3174 praeterea
