2209 3643
233 189 270 223 8.
292 189 387 223 Maii
410 182 521 237 1529]
932 188 1006 223 No.
1032 189 1226 234 147——148
1862 192 1933 234 189

378 319 539 361 Adhuc
596 312 663 360 Mti
708 319 798 360 Vrac
841 319 1062 360 suadebat
1119 333 1174 360 ne
1231 319 1519 375 aggrediatur
1574 320 1770 363 Turcum
1816 322 1933 364 infra

232 390 415 432 Budam
451 391 581 445 longe
616 394 661 432 et
698 394 805 432 ante
841 404 944 432 eum
980 390 1247 432 auferantur
1281 391 1447 441 omnia,
1485 405 1603 446 quae
1639 392 1804 434 auferri
1840 407 1931 435 non

232 466 438 516 possunt,
475 461 814 503 comburantur.

377 533 548 574 Turcus
579 532 700 574 misit
730 532 986 574 waivodam
1018 532 1061 574 in
1093 533 1387 583 Walachiam,
1419 533 1497 575 sed
1527 533 1675 576 adhuc
1705 548 1809 576 eum
1839 549 1931 577 non

199 615 216 640 5
232 608 388 659 accept
396 607 603 645 averunt.

524 697 663 742 (Copia
695 708 854 731 coaeva.
887 698 1175 738 StaatsarchiV‚
1211 698 1336 732 Wien.
1372 699 1631 743 Hungarica.)

1031 875 1130 915 147.

752 984 1042 1039 Nagyszeben,
1066 985 1106 1026 8.
1130 985 1255 1026 Maii
1277 996 1403 1039 1529.

469 1077 637 1115 Marcus
666 1076 936 1127 Pemfflinger
965 1076 1234 1115 Ferdinando
1263 1077 1294 1115 Ι.
1325 1076 1409 1127 regi
1438 1077 1695 1127 Hungariae.

174 1193 209 1219 10
372 1174 550 1228 Moyses
575 1189 602 1216 a
630 1175 787 1217 Tarcis
812 1176 993 1217 vaivoda
1024 1176 1258 1218 Valacliiae
1282 1181 1462 1218 creatur.
1492 1177 1660 1218 ancae
1685 1191 1734 1218 ex
1750 1177 1930 1219 ditioni-

228 1245 305 1287 bus
339 1245 552 1287 recedunt.

374 1353 445 1393 Ex
481 1357 612 1407 parte
651 1353 901 1394 Turcarum
939 1347 1004 1394 Mti
1042 1354 1131 1395 Vs²¹⁰
1167 1354 1252 1396 hoc
1299 1354 1492 1396 scribere
1539 1368 1739 1410 possum,
1777 1355 1846 1397 uti
1883 1356 1928 1397 in

226 1422 324 1464 aliis
348 1423 630 1478 scripseram,
658 1423 778 1465 vires
801 1437 905 1465 suas
929 1428 1089 1466 contra
1112 1425 1274 1482 Zophy
1295 1425 1467 1467 misisse
1490 1430 1536 1467 et
1559 1430 1715 1480 gentes
1738 1431 1926 1481 paratas

226 1493 337 1535 alias
360 1508 451 1535 non
475 1495 656 1543 habere,
682 1495 780 1544 nisi,
807 1509 923 1549 quae
959 1495 1004 1536 in
1029 1496 1281 1538 confinibus
1315 1501 1436 1538 sunt.
1474 1497 1730 1539 Vaivodam
1766 1498 1929 1539 Trans-

171 1582 208 1608 15
225 1564 432 1619 alpinum
471 1565 663 1620 Moyzen
702 1566 898 1615 nomine,
927 1566 972 1607 in
1006 1580 1193 1620 regnum
1227 1567 1601 1623 Transalpinense
1624 1568 1786 1610 ducere
1819 1569 1925 1610 fecit

225 1639 270 1677 et
294 1635 384 1677 iam
408 1641 581 1691 regnat,
606 1641 651 1678 et
674 1637 859 1685 Tuscae,
885 1637 963 1691 qui
986 1651 1087 1679 curn
1111 1651 1164 1679 eo
1186 1638 1369 1679 fuerunt
1405 1643 1449 1680 et
1486 1639 1780 1681 concomitati
1802 1644 1924 1689 sunt,

225 1712 517 1749 recesserunt.
546 1707 663 1749 Sunt
693 1707 841 1749 adhuc
870 1708 958 1749 tria
987 1708 1110 1750 milia
1138 1709 1387 1750 'furcarum
1416 1709 1461 1751 in
1491 1723 1582 1751 una
1611 1710 1758 1752 insula
1785 1724 1926 1766 prope

226 1782 426 1820 castrum
453 1778 677 1833 Gyergyd,
706 1779 828 1833 quod
854 1779 1102 1820 Turcarum
1128 1784 1196 1821 est
1218 1794 1227 1830 ;
1255 1780 1343 1821 illic
1369 1780 1600 1830 victitant,
1628 1785 1673 1822 et
1699 1781 1769 1823 uti
1795 1781 1925 1823 intel-

225 1848 359 1904 ligere
396 1849 540 1904 potui,
580 1853 718 1891 nacta
755 1850 1114 1904 opportunitate,
1155 1851 1199 1891 in
1238 1851 1457 1892 auxilium
1491 1851 1715 1905 Johannis
1752 1852 1841 1894 bek
1879 1866 1925 1894 se

171 1937 207 1963 20
226 1920 346 1975 ipsos
385 1920 586 1962 conferre
623 1920 805 1962 vellent.
848 1921 1009 1962 Habeo
1046 1926 1201 1963 tamen
1240 1922 1572 1976 exploratorem
1610 1927 1655 1964 et
1694 1923 1924 1964 hominem

226 2004 377 2032 meum
411 1991 530 2033 inter
564 2005 669 2041 eos;
706 2005 977 2046 quocunque
1011 1996 1055 2033 et
1090 1992 1455 2047 quandocunque
1488 2006 1534 2035 se
1568 1994 1842 2036 contulerint
1878 1998 1923 2036 et

227 2061 391 2104 iverint
416 2062 475 2103 ad
498 2062 845 2117 intelligentiam
869 2062 997 2104 dabit
1023 2063 1146 2104 mihi.

370 2133 442 2174 Ex
468 2133 656 2183 Cibinio,
681 2133 885 2175 Sabbato
909 2138 1012 2188 post
1038 2134 1322 2175 Ascensionis
1347 2135 1530 2176 Domini
1557 2145 1681 2190 1529.

363 2240 592 2284 (Originale.
613 2240 901 2280 StaatsarchiV‚
925 2241 1051 2274 VVien.
1076 2241 1318 2285 Hungarica.
1341 2242 1504 2276 Edidit:
1527 2242 1675 2276 Archiv
1698 2243 1767 2277 des
1789 2243 1922 2277 Verei-

170 2314 206 2340 25
225 2309 293 2333 nes
322 2298 387 2333 fiir
415 2299 766 2345 siebenbi'irgische
794 2300 1087 2335 Landeskunde
1116 2301 1194 2334 vol.
1222 2303 1280 2334 26.
1305 2312 1394 2346 pag.
1419 2302 1522 2345 648.)

1020 2475 1122 2516 148.

730 2583 980 2632 Kolozsvar,
1019 2594 1087 2636 15.
1125 2584 1249 2625 Maii
1285 2595 1411 2639 1529.

325 2674 524 2714 Nicolaus
556 2675 737 2714 Gerendi
769 2676 989 2728 episcopus
1016 2675 1329 2726 Transylvanus
1362 2677 1630 2715 Ferdinando
1664 2678 1695 2716 Ι.
1731 2677 1828 2728 regi.

363 2773 560 2828 Regnum
586 2774 635 2815 ob
666 2775 878 2816 Valachos
904 2779 941 2815 et
969 2775 1134 2815 ancas
1160 2774 1209 2815 in
1234 2789 1401 2816 summo
1427 2776 1617 2830 periculo
1644 2790 1744 2818 esse.

167 2902 203 2928 30
367 2879 423 2920 M
426 2879 600 2921 aiestati
643 2880 740 2922 V''‘²‘'
779 2881 937 2922 Sacrae
988 2881 1166 2935 saepias
1205 2895 1275 2935 ego
1314 2882 1473 2936 scripsi
1511 2886 1670 2923 statum
1707 2886 1918 2929 nostrum,

224 2949 517 3004 Transalpini
536 2955 639 2992 sunt
660 2952 794 2992 Turci
813 2956 850 2993 et
869 2952 902 3004 J
905 2951 1077 3000 oannis,
1099 2951 1147 2992 in
1166 2951 1223 2992 M
1225 2951 1374 2993 oldavo
1393 2952 1520 3007 prins
1539 2966 1702 3007 quoqne
1720 2957 1917 3008 parvam,

221 3033 338 3061 nunc
358 3024 479 3075 spem
499 3020 630 3062 liabeo
650 3022 832 3063 nnllam.
858 3022 1015 3063 Omnes
1030 3022 1146 3063 enim
1165 3026 1332 3063 nostros
1345 3022 1497 3074 fratres
1513 3023 1716 3064 sollicitat
1733 3023 1918 3073 Siculos,

222 3089 430 3139 Saxones,
456 3091 635 3140 nobiles,
661 3097 709 3133 at
732 3093 817 3134 sibi
841 3092 1100 3133 adhaereant
1124 3097 1160 3133 et
1186 3092 1342 3134 Turcis
1367 3097 1403 3134 et
1427 3093 1627 3135 omnibus
1651 3095 1920 3136 securitatem

220 3160 459 3214 pollicetur,
478 3162 592 3203 alias
610 3163 758 3204 omnia
775 3163 970 3204 minatur
986 3166 1023 3204 et
1038 3163 1149 3204 milii
1166 3163 1214 3204 in
1232 3163 1410 3205 eandem
1427 3164 1682 3206 sententiam
1699 3165 1921 3207 nuntiavit
