2209 3643
190 207 248 232 20.
273 197 366 231 Dec.
394 190 504 245 1535]
888 194 961 229 No.
986 203 1188 239 214—215
1810 203 1885 238 257

986 321 1084 363 214„

644 420 900 469 Kamienec,
930 432 997 462 20.
1028 420 1275 462 Decembris
1303 431 1430 473 1535.

373 512 557 551 Mathias
585 511 795 550 Loboczki
823 511 1090 551 Ferdinando
1118 512 1150 551 Ι.
1179 511 1263 562 regi
1291 511 1545 562 Hungariae.

337 611 632 665 Transylvani
656 615 801 652 contra
838 611 1066 652 vaivodam
1102 611 1354 652 Moldaviae
1390 625 1433 652 se
1468 615 1641 666 parant.
1678 610 1888 652 Rumores

156 707 173 733 5
189 684 239 726 de
262 683 449 736 factione
473 683 506 736 J
510 682 670 724 oannis
693 682 815 737 regis.

337 776 635 820 Podmanicki
661 776 801 818 etiam
844 776 928 831 (uti
965 777 1090 832 prius
1146 776 1410 832 scripseram
1449 770 1515 818 Mti
1544 776 1633 817 Vrae
1669 775 1884 829 Sacram)

190 849 325 891 debet
354 849 516 890 ducere
555 851 712 903 gentes
752 852 796 890 et
838 847 905 889 ita
944 847 1230 890 adversarius
1270 841 1350 889 Mtis
1390 848 1479 889 Vrae
1517 847 1717 889 Sacra¹¹me
1759 850 1888 888 curat

190 934 245 962 ex
269 919 393 961 omni
415 923 548 974 parte
571 932 692 960 nunc
716 932 876 974 parare
899 922 1069 973 gentes.
1097 919 1280 961 Certum
1305 922 1388 968 est,
1415 918 1523 973 quia
1547 931 1696 959 comes
1719 917 1888 959 Tarno-

189 990 365 1033 wiensis
391 994 436 1032 et
464 990 675 1031 dominus
701 989 838 1031 Laski
863 989 975 1031 nihil
1014 989 1181 1031 facient
1222 994 1408 1044 propter
1447 989 1572 1030 illum
1600 993 1759 1030 contra
1784 986 1887 1029 ΜῐρῘΠ

138 1085 172 1111 10
189 1062 290 1103 Vf³²¹m
333 1061 548 1103 Sacra¹¹¹²¹¹¹¹
575 1074 583 1111 ;
636 1061 730 1111 sed,
787 1065 840 1102 ut
878 1060 1093 1102 Maiestas
1148 1061 1220 1101 Vra
1256 1060 1441 1102 Sacrama
1498 1059 1738 1114 intelligat,
1797 1072 1889 1113 quo

189 1136 517 1187 stratagemate
568 1131 663 1187 ipse
714 1131 1000 1173 adversarius
1051 1125 1132 1172 Mtis
1183 1131 1272 1172 V¹²¹e
1321 1130 1522 1172 Sacra¹¹¹²¹0
1573 1130 1734 1179 utitur,
1798 1143 1890 1171 non

190 1203 300 1245 dicit
335 1203 455 1245 enim
490 1203 599 1258 ipse,
635 1216 782 1258 neque
816 1202 971 1244 scribit
1007 1202 1065 1244 ad
1099 1202 1330 1257 praefatos
1365 1201 1586 1250 dominos,
1620 1201 1743 1255 quod
1777 1201 1887 1242 haec

191 1274 406 1316 deberent
447 1274 543 1315 fieri
583 1278 743 1316 contra
782 1274 808 1315 lx
830 1272 885 1292 “¹¹¹¹
926 1273 1026 1314 V¹²³¹¹¹
1065 1273 1295 1322 Sacramm,
1337 1273 1415 1314 sed
1455 1272 1600 1327 fingit,
1631 1271 1754 1327 quod
1779 1271 1890 1312 istas

189 1350 346 1401 gentes
376 1345 513 1387 vellet
544 1345 711 1387 habere
753 1348 915 1386 contra
945 1343 1223 1385 Moldavum.
1265 1344 1339 1385 Ita
1373 1343 1492 1385 enim
1530 1343 1643 1384 sciat
1675 1342 1890 1384 Maiestas

136 1439 171 1465 15
190 1417 265 1458 V'a
291 1415 490 1465 Sacram,
521 1416 629 1470 quia
669 1415 910 1457 Moldavus
951 1414 1117 1456 indixit
1158 1428 1278 1456 nunc
1314 1414 1483 1456 bellum
1523 1412 1891 1455 Transsilvaniae

192 1488 374 1542 iamque
411 1487 717 1542 depraedatus
738 1491 805 1528 est
828 1486 1004 1540 aliquas
1039 1490 1193 1540 partes
1230 1485 1361 1527 illius.
1395 1483 1733 1526 Transsilvania
1768 1497 1890 1525 nunc

192 1558 449 1600 tumultuat
483 1557 767 1612 insurgitque
788 1561 889 1599 tota
910 1556 969 1598 ad
990 1569 1117 1597 arma
1138 1560 1297 1598 contra
1317 1556 1583 1597 Moldavum
1604 1568 1613 1605 ;
1636 1554 1715 1596 sed
1734 1568 1889 1596 veren-

192 1629 302 1671 dum
317 1633 400 1678 est,
422 1642 479 1670 ne
493 1627 779 1670 adversarius
798 1621 879 1669 Mtis
893 1627 983 1668 Vrae
994 1626 1194 1668 Sacramae
1217 1626 1385 1668 habeat
1407 1631 1616 1668 mutuam
1643 1625 1892 1680 intelligen-

192 1700 305 1742 tiam
323 1714 426 1742 cum
447 1699 662 1741 Moldavo
682 1703 727 1740 et
755 1699 839 1741 sub
864 1698 950 1739 hoc
965 1702 1209 1752 praetextu
1230 1702 1389 1739 contra
1408 1696 1673 1738 Moldavum
1694 1695 1893 1738 collectis

139 1794 174 1820 20
192 1770 419 1826 gentibus,
441 1784 497 1812 ne
511 1773 673 1812 noceat
688 1769 899 1811 dominiis
919 1762 1000 1810 Mtis
1020 1769 1112 1811 Vffl'
1130 1768 1332 1810 Sacramae
1349 1783 1357 1819 ;
1381 1768 1475 1823 ipse
1495 1766 1781 1809 adversarius
1810 1760 1892 1808 Mtis

191 1842 281 1883 Vrae
305 1841 506 1883 Sacramae
533 1855 589 1882 ex
615 1840 740 1882 nulla
777 1840 866 1881 alia
892 1844 1022 1895 parte
1048 1844 1202 1894 potest
1228 1839 1395 1880 habere
1421 1843 1577 1894 gentes
1603 1838 1890 1892 alienigenas,

191 1913 273 1954 nisi
299 1926 355 1954 ex
378 1912 579 1954 Polonia.
609 1911 883 1953 Providendi
918 1911 1056 1965 igitur
1078 1915 1227 1952 essent
1261 1923 1421 1965 passus
1442 1914 1487 1952 et
1507 1909 1702 1964 praefati
1721 1908 1893 1950 domini

192 1983 351 2026 Poloni
370 1981 659 2032 admonendi,
680 1996 737 2024 ne
769 1981 939 2024 faciant
967 1995 1096 2023 suam
1117 1981 1162 2022 in
1182 1980 1440 2036 colligendis
1460 1980 1672 2035 gentibus
1692 1993 1890 2034 operam,

337 2054 465 2096 Vires
513 2052 760 2096 adversarii
801 2046 883 2095 Mtis
925 2053 1013 2094 Vrae
1041 2052 1243 2094 Sacramae
1274 2051 1387 2093 istae
1430 2055 1550 2092 sunt.
1608 2051 1893 2092 Hussarones

138 2148 176 2174 25
193 2125 327 2167 aulici
361 2125 431 2167 sui
466 2137 564 2167 200.
602 2124 853 2166 Monachus
888 2127 1074 2178 satrapa
1110 2122 1381 2177 quingentos
1416 2122 1556 2163 habet
1592 2122 1890 2163 Hussarones.

193 2196 406 2238 Rasciani
422 2195 537 2237 citra
551 2195 624 2237 vel
639 2196 761 2237 ultra
777 2205 874 2248 500.
892 2194 1096 2236 Aliorum
1112 2207 1219 2235 vero
1235 2193 1452 2241 omnium,
1471 2192 1549 2247 qui
1564 2192 1627 2233 illi
1643 2192 1892 2234 adhaerent

193 2266 427 2322 equitatus
456 2280 548 2308 non
580 2265 786 2308 extendit
818 2279 864 2307 se
896 2265 954 2306 ad
985 2264 1273 2319 sexingentos
1304 2263 1492 2318 equites.
1526 2262 1704 2304 Dicitur
1735 2262 1890 2312 etiam,

193 2337 316 2392 quod
344 2351 511 2392 magna
539 2350 644 2392 pars
673 2336 851 2378 illorum
878 2335 1129 2377 Siculorum
1158 2333 1644 2376 Transsilvaniensium
1674 2333 1892 2374 adhaeret

192 2408 406 2450 Moldavo
429 2421 511 2463 pro
535 2407 742 2462 pecunia,
769 2420 908 2461 quam
932 2406 994 2448 eis
1018 2406 1259 2447 Moldavus
1282 2404 1418 2446 solvit
1455 2403 1631 2446 ratione
1655 2403 1886 2458 stipendii.

139 2502 173 2527 30
338 2478 512 2520 Datum
538 2478 584 2519 in
611 2491 711 2519 arce
738 2478 1036 2532 Camyenycz,
1064 2475 1136 2517 die
1162 2488 1230 2517 20.
1271 2474 1545 2516 Decembris.
1586 2474 1720 2515 Anno
1761 2484 1886 2527 1535.

521 2572 747 2618 (Originale.
779 2571 1067 2612 Staatsarchiv‚
1102 2571 1228 2605 VVien.
1263 2569 1522 2615 Hungarica.)

990 2711 1088 2751 215.

732 2808 1027 2863 [Torgovi'sta
1061 2807 1192 2849 initio
1224 2808 1382 2860 1536]

267 2898 407 2938 Radul
429 2898 562 2937 Paisie
597 2898 785 2937 vaivoda
817 2897 1048 2936 Valachiae
1083 2896 1351 2934 Ferdinando
1381 2896 1413 2934 l.
1443 2895 1527 2946 regi
1557 2895 1814 2946 Hungariae.

143 3007 178 3034 35
342 2998 528 3040 Litterae
561 2998 790 3040 reversales
823 2996 992 3038 domini
1026 2995 1230 3037 vaivodae
1266 2994 1673 3050 Transalpinensis.

342 3093 436 3134 Nos
475 3092 625 3134 Radul
664 3091 749 3133 Dei
785 3090 934 3145 gratia
969 3089 1182 3138 vaivoda,
1222 3089 1433 3130 dominus
1471 3093 1515 3130 et
1553 3089 1710 3130 haeres
1746 3092 1895 3130 terrae

198 3162 585 3217 Transalpinensis
635 3166 719 3204 etc.
773 3160 1015 3203 Memoriae
1066 3159 1437 3202 commendamus
1487 3173 1566 3214 per
1616 3163 1892 3213 praesentes,

275 3260 380 3287 Fontes
400 3261 507 3286 Rerum
527 3260 803 3294 Transylvanicarum
824 3259 878 3286 IV.
1710 3257 1749 3291 17
