2209 3643
91 2559 138 2588 13.
162 2549 227 2588 Jan.

245 211 316 236 120
1018 197 1093 230 No.
1117 196 1164 238 89
1609 189 1684 243 [16.
1703 193 1811 239 Sept.
1836 204 1934 239 1519

244 336 296 374 ut
318 331 448 373 iuxta
482 326 844 384 dispositionem1
865 328 1083 372 nostram,
1107 337 1219 378 quas
1239 323 1460 364 habemus
1497 323 1690 364 eundem
1717 323 1868 377 quiete
1888 327 1930 364 et

245 416 355 458 pace
386 398 676 456 permittatis,
711 396 834 451 quod
865 395 1011 436 vicem
1043 408 1069 435 a
1100 393 1230 435 nobis
1262 398 1472 448 optatam
1503 393 1743 434 habebitis.
1776 393 1933 434 Valere

245 471 496 515 felicissime
525 474 750 524 optamus.

387 542 458 583 Ex
487 544 634 581 castro
663 538 840 592 Chyczo
867 536 912 577 in
941 535 1141 590 profesto
1170 535 1376 576 Katedra
1404 534 1541 576 Petri.
1574 534 1706 575 Anno
1738 545 1859 588 1519.

387 609 642 652 Ladislaus2
675 607 946 649 castellanus
981 605 1125 647 Castri
1161 606 1338 660 Chyczo
1377 609 1462 646 etc.
1973 617 1996 643 5-

383 700 613 741 Intz'tulatz'o
635 713 647 739 .·
674 698 987 749 Circumspecto
1012 697 1103 735 viro
1129 696 1255 735 iudici
1282 696 1468 735 civitatis
1495 695 1773 734 Bistriciensis
1798 694 1938 733 vicino

246 767 374 813 atque
407 760 540 799 amico
571 758 692 797 nobis
724 757 983 796 honorando.

313 845 536 890 (Originale.
553 843 773 878 Archivum
787 842 1002 877 comitatus
1017 841 1409 881 Beszterczenaszod,
1430 841 1659 875 Besztercze
1672 840 1748 874 No.
1766 839 1868 884 505.)

1065 999 1132 1041 89.

760 1111 905 1160 Euda,
926 1111 994 1152 16.
1016 1108 1277 1165 Septembris
1297 1120 1425 1162 1519.
1963 1124 2002 1151 10

246 1203 487 1244 Ludovicus
518 1203 574 1242 ΙΙ.
608 1215 680 1241 rex
712 1201 954 1253 Hungariae
985 1200 1213 1239 conventui
1244 1199 1439 1238 ecclesiae
1471 1198 1522 1236 de
1554 1197 1942 1236 Kolozsmonostor.

390 1303 596 1358 Percepto
634 1301 798 1343 iudicio
837 1315 863 1342 a>
899 1300 934 1354 J
937 1314 1076 1341 oanne
1113 1299 1350 1354 Szapolyczi
1387 1297 1568 1340 vaivoda
1599 1296 1949 1350 Transvlvcmiae

249 1376 333 1417 lato
356 1375 560 1416 adversus
583 1372 855 1428 Stephanum
877 1371 1104 1413 vaivodam
1125 1371 1181 1412 M
1185 1370 1393 1419 oldaviae,
1416 1369 1550 1410 liuius
1571 1367 1769 1423 precibus
1791 1371 1946 1416 motus,

249 1446 466 1488 iudicium
489 1458 576 1486 non
600 1443 767 1499 perfici,
793 1443 856 1484 vel
879 1443 918 1484 si
942 1442 1033 1483 iam
1057 1446 1277 1483 executum
1301 1445 1418 1490 esset,
1444 1440 1606 1481 litteras
1629 1438 1678 1480 de
1701 1438 1779 1479 lzac
1803 1452 1948 1479 execu—

250 1517 365 1559 tione
391 1515 679 1557 extradandas
705 1528 793 1556 non
821 1527 909 1555 esse
934 1513 1061 1554 iubet.
1719 1524 1722 1525 ⁷
1961 1528 2007 1554 15

396 1615 654 1658 Ludovicus
681 1615 765 1656 Dei
791 1615 938 1669 gratia
963 1627 1042 1655 rex
1070 1613 1332 1667 Hungariae
1359 1617 1403 1654 et
1431 1610 1675 1653 Bohemiae
1702 1615 1786 1652 ete.
1817 1609 1946 1651 Fide-

251 1688 369 1730 libus
390 1687 556 1729 nostris
579 1686 824 1728 conventui
847 1685 1057 1727 ecclesiae
1079 1684 1250 1726 Beatae
1272 1683 1467 1738 Virginis
1489 1682 1544 1724 de
1567 1682 1944 1724 Colosmonostra.

249 1760 451 1801 Salutem
486 1764 531 1800 et
566 1757 772 1812 gratiam.
810 1756 1084 1811 Expositum
1119 1760 1186 1797 est
1222 1754 1451 1796 Maiestati
1486 1758 1667 1795 nostrae
1701 1766 1783 1807 pro
1816 1756 1949 1807 parte

253 1836 297 1872 et
321 1831 366 1871 in
388 1843 580 1885 persona
602 1828 745 1870 fidelis
767 1828 910 1869 nostri
930 1826 1197 1882 Spectabilis
1220 1831 1263 1867 et
1288 1824 1513 1880 Magnifici
1537 1823 1708 1865 domini
1727 1821 1948 1878 Stephani

252 1901 475 1943 vaivodae
517 1899 852 1948 Moldaviensis,
896 1898 1020 1952 quod
1060 1897 1164 1939 licet
1207 1896 1510 1951 superioribus
1551 1894 1680 1936 annis
1722 1893 1948 1948 quaedam
1962 1918 2004 1944 20>

255 1985 391 2014 causa
427 1972 544 2013 inter
580 1971 795 2026 Egregios
832 1969 1070 2011 Nicolaum
1108 1968 1163 2009 de
1200 1967 1394 2009 Bethlen
1432 1971 1475 2008 et
1510 1966 1769 2019 Johannem
1805 1964 1949 2006 filium

255 2043 448 2084 condam
482 2042 713 2084 Michaelis
746 2040 972 2095 Desewfiy
1007 2040 1062 2081 de
1096 2039 1333 2087 Lossoncz‚
1369 2042 1420 2079 ut
1456 2042 1630 2078 actores
1663 2036 1721 2077 ab
1755 2049 1861 2084 una,
1897 2048 1949 2076 ac

254 2114 617 2169 praedecessores
658 2113 799 2168 ipsius
840 2110 1108 2166 exponentis
1149 2109 1369 2151 vaivodas
1411 2108 1578 2150 scilicet
1620 2107 1952 2148 Moldavienses

257 2185 314 2226 ab
361 2185 503 2226 altera
548 2183 770 2239 partibus,
810 2182 985 2224 ratione
1031 2186 1075 2223 et
1118 2185 1360 2235 praetextu
1407 2178 1562 2234 oppidi
1607 2176 1951 2231 Zenthmargita

256 2255 479 2296 nominati
496 2255 541 2296 in
559 2255 782 2296 comitatu
799 2253 971 2295 Zolnok
988 2251 1188 2293 interiori
1206 2250 1454 2293 adiacentis
1472 2254 1516 2291 et
1534 2248 1693 2298 habiti,
1712 2253 1840 2289 mota
1856 2248 1949 2288 fue·
1965 2271 2007 2298 25

257 2325 315 2367 rit
339 2330 383 2367 et
407 2326 626 2367 suscitata
646 2339 655 2375 ;
680 2330 836 2367 tamen
859 2324 979 2365 idem
1002 2336 1244 2378 exponens,
1270 2321 1413 2363 veluti
1436 2320 1614 2363 noviter
1637 2324 1681 2361 et
1705 2319 1760 2360 de
1782 2317 1951 2360 recenti

258 2395 557 2438 vaivodatum
590 2396 708 2437 illius
740 2400 885 2437 terrae
918 2398 1099 2436 nostrae
1132 2392 1452 2435 Moldaviensis
1485 2391 1678 2446 adeptus
1710 2394 1755 2431 et
1789 2402 1951 2431 causae

259 2467 529 2522 praemissae
553 2467 736 2522 penitus
773 2465 952 2515 inscius,
991 2464 1049 2506 ad
1084 2464 1445 2519 prosecutionem
1481 2461 1682 2504 eiusdem
1718 2460 1951 2514 invigilare

262 2537 717 2592 superintendereque
742 2536 1017 2585 nescivisset,
1044 2535 1165 2576 unde
1190 2534 1235 2576 in
1262 2533 1436 2576 octavis
1462 2533 1565 2574 festi
1591 2531 1951 2586 Epiphaniarum

261 2607 444 2649 Domini
478 2608 681 2663 proxime
716 2607 971 2662 praeteritis
1005 2620 1084 2661 per
1117 2605 1295 2647 fidelem
1330 2609 1536 2646 nostrum
1568 2601 1872 2657 Spectabilem
1907 2604 1950 2641 et
1969 2625 2008 2651 30

262 2678 550 2733 Magnificum
596 2679 821 2732 Joannem
871 2678 926 2719 de
974 2677 1175 2732 Zapolya
1225 2675 1436 2718 comitem
1485 2678 1756 2729 perpetuum
1805 2676 1951 2713 terrae

260 2747 559 2803 Sepwsiensis‚
598 2749 934 2803 vaivodamque
970 2752 1177 2789 nostrum
1213 2746 1585 2788 Transsilvanum
1622 2748 1667 2785 et
1702 2742 1952 2784 Siculorum

262 2823 519 2860 nostrorum
560 2819 785 2868 comitem,
828 2819 873 2860 in
914 2818 1101 2860 civitate
1140 2822 1296 2859 nostra
1337 2814 1662 2858 Colosvariensi
1701 2811 1950 2860 celebratis,

265 2889 490 2942 quaedam
512 2889 689 2930 litterae
710 2889 909 2930 eiusdem
927 2888 1119 2942 Joannis
1139 2887 1318 2929 comitis
1351 2891 1395 2928 et
1416 2884 1640 2927 vaivodae
1672 2882 1950 2924 adiudicato-

264 2958 368 3007 riae,
391 2959 742 3000 sententionales
762 2973 841 3014 per
860 2973 951 3000 non
972 2959 1230 3000 venientem
1257 2962 1301 2998 et
1323 2970 1413 2997 non
1435 2953 1806 3009 comparitionem
1825 2965 1951 3006 prae-
1966 2976 2004 3002 35

265 3028 395 3069 libati
414 3029 680 3083 exponentis
699 3034 857 3070 contra
875 3029 1067 3070 eundem
1085 3042 1164 3083 per
1183 3027 1411 3069 antefatos
1430 3025 1667 3066 Nicolaum
1687 3023 1741 3063 de
1759 3022 1953 3063 Bethlen

410 3169 423 3189 1
456 3168 504 3214 In
536 3168 739 3213 originali:
776 3168 1036 3213 dispositioni.
1175 3168 1188 3189 ²
1215 3166 1424 3201 Porkolab.
