2209 3643
157 160 218 194 28.
255 160 349 194 Dec.
387 155 496 209 1504]
903 160 978 194 No.
998 161 1146 195 60-61
1811 164 1855 201 73

968 311 1035 353 60.

579 421 769 471 Heirlem,
808 423 876 463 28.
915 421 1160 463 Decembris
1197 432 1322 474 1504.

265 511 440 562 Bogdan
461 511 645 550 vaivoda
666 512 903 550 Moldaviae
920 511 1077 562 Joanni
1097 511 1314 562 Tharczay
1334 509 1478 548 comiti
1496 508 1743 548 Siculorum.

302 610 414 651 Cum
438 624 544 652 suus
574 610 612 652 V
614 624 724 652 anca
763 611 809 652 in
848 610 1170 664 Transfvlvania
1207 624 1233 651 a
1270 608 1520 651 hominibus
1546 608 1702 663 impiis
1728 607 1856 649 inter-

127 697 146 723 5
159 681 293 733 fectus
319 685 355 722 et
380 682 648 737 exspoliatus
674 682 743 731 sit,
771 682 864 723 eius
893 682 939 723 in
964 682 1039 723 hoc
1064 681 1227 736 negotio
1254 680 1472 722 iustitiam
1497 679 1714 734 implorat.

305 788 565 843 Bogdanus,
609 789 804 830 condam
845 788 1064 844 Stephani
1105 787 1355 843 wayvodae
1399 787 1483 829 Dei
1524 786 1672 842 gratia
1714 786 1853 833 heres,

160 858 371 900 dominus
397 873 448 901 ac
473 859 698 914 wayvoda
722 864 867 902 terrae
893 859 1225 901 Moldaviensis.

277 929 513 983 Magnifice
578 930 719 972 amice
771 930 902 971 nobis
955 930 1130 972 dilecte.
1194 929 1544 983 Conqueruntur
1602 927 1746 976 nobis,
1810 926 1857 967 hi

159 1000 309 1041 miseri
347 1001 551 1042 homines
588 1002 730 1043 nostri
760 1002 804 1043 in
839 1016 904 1053 eo,
932 1002 1039 1055 quia
1065 1001 1205 1042 frater
1238 1001 1452 1055 ipsorum,
1481 1000 1637 1040 Vanca
1674 997 1857 1040 nomine

106 1098 145 1125 10
160 1070 384 1125 quosdam
425 1072 566 1114 boves
607 1072 667 1114 ad
709 1077 862 1127 partes
909 1072 1308 1113 Transilvanenses
1358 1070 1533 1112 ratione
1580 1068 1857 1111 venditionis

160 1142 388 1197 abegerat,
429 1144 507 1198 qui
536 1144 719 1198 quidem
749 1145 905 1185 Vanca
936 1144 981 1185 in
1008 1143 1171 1192 reditu,
1212 1142 1322 1184 dum
1360 1143 1476 1184 foret
1515 1141 1645 1183 terris
1683 1145 1728 1182 et
1767 1140 1855 1181 oris

162 1213 393 1255 Michaelis
418 1214 473 1256 de
499 1214 778 1270 Gyalakuth,
805 1214 993 1269 quidam
1018 1214 1221 1256 homines
1247 1217 1406 1255 contra
1429 1226 1534 1254 eum
1559 1212 1854 1266 insurgentes,

162 1284 446 1339 praedictum
482 1286 639 1327 Vanca
676 1286 1016 1335 interemerunt,
1055 1299 1107 1327 ac
1144 1285 1202 1326 ab
1238 1298 1290 1326 eo
1326 1283 1618 1339 septuaginta
1665 1283 1857 1324 florenos

161 1355 502 1410 Hungaricales,
525 1356 638 1398 duos
666 1370 805 1411 equos
830 1357 955 1411 (item
984 1356 1137 1398 omnia
1163 1359 1461 1404 armamenta,
1492 1367 1608 1409 quae
1635 1352 1857 1408 praedicti

106 1453 146 1480 15
162 1426 325 1468 fratres
363 1427 447 1475 sui,
488 1428 794 1482 praesentium
834 1427 1107 1469 exhibitores
1148 1426 1236 1467 Vme
1262 1425 1651 1481 M[agnificentiae]
1695 1423 1856 1466 clarius

163 1497 476 1552 declarabunt)
516 1498 832 1548 abstulerunt;
870 1498 1024 1553 itaque
1050 1511 1260 1553 rogamus
1301 1501 1440 1551 atque
1477 1496 1714 1538 hortamur
1756 1495 1854 1536 Vsa*l

162 1568 562 1623 Magnificentiam,
608 1569 882 1611 confidentia
925 1569 1120 1624 speciali,
1156 1568 1366 1623 dignetur
1409 1568 1447 1609 V
1452 1569 1481 1585 ¹²¹
1520 1566 1857 1622 Magnificentia

163 1652 218 1680 ex
241 1644 371 1694 parte
394 1640 739 1682 malefactorum
763 1645 807 1682 et
831 1640 1160 1682 homicidarum
1175 1639 1399 1681 iustitiam
1422 1638 1484 1680 sic
1508 1638 1854 1686 amministrare,

162 1714 214 1752 ut
236 1711 496 1765 praedictae
516 1725 586 1752 res
608 1711 676 1752 his
710 1712 881 1753 miseris
915 1711 1080 1752 nostris
1108 1709 1323 1752 fratribus
1344 1709 1565 1765 praedicti
1594 1708 1856 1762 interempti

107 1807 146 1834 20
161 1781 424 1831 reddantur,
458 1796 541 1824 nec
574 1782 920 1824 annichilentur.
951 1783 1110 1824 Valere
1135 1782 1235 1822 ΨΜ
1257 1780 1643 1836 Magnificentiam
1666 1780 1856 1834 longeve

161 1851 481 1895 desideramus.

305 1924 480 1966 Datum
495 1924 757 1974 Bahloviae,
774 1924 819 1966 in
835 1924 905 1966 die
921 1922 1251 1966 Innocentium.
1269 1923 1401 1964 Anno
1417 1921 1601 1964 Domini
1621 1921 1857 1963 Millesimo

161 1994 523 2050 quingentesimo
547 2000 725 2050 quarto.

293 2083 319 2124 Ι
321 2086 527 2125 ntitulatio
546 2098 560 2125 .·
583 2086 808 2137 Magnifico
827 2085 1013 2136 Johanni
1034 2085 1264 2135 Tharczay‚
1289 2083 1433 2122 comiti
1450 2082 1698 2129 Siculorum,
1722 2082 1858 2121 amico

103 2162 143 2188 25
161 2145 284 2184 nobis
317 2146 477 2185 sincere
510 2146 676 2185 dilecto.

571 2231 798 2276 (Originale.
833 2231 1052 2265 Archivum
1085 2229 1263 2265 civitatis
1296 2229 1466 2273 Bastia.)

972 2382 1040 2423 61.

582 2492 932 2547 Gyulczfelzdrvdr,
973 2503 1011 2532 2.
1051 2490 1270 2544 Ianuarii
1308 2501 1434 2543 1505.

160 2582 405 2634 Capitulum
433 2582 630 2622 ecclesiae
658 2582 852 2621 Albensis
881 2580 1195 2631 Transylvanae
1225 2580 1370 2619 comiti
1400 2580 1526 2618 Petro
1552 2579 1857 2630 Szentgyorgyi

106 2669 146 2695 30
740 2641 947 2680 vaivodae
980 2639 1272 2690 Transylvani.

305 2740 473 2782 Relatio
487 2740 782 2782 restatutionis
796 2740 843 2781 N
847 2739 974 2780 icolaz'
989 2743 1026 2780 et
1042 2737 1188 2780 Blasii
1210 2738 1259 2779 de
1276 2738 1454 2779 Bethlem
1476 2738 1525 2779 in
1540 2737 1855 2793 possessionem

167 2810 343 2852 Vesszb's
366 2811 518 2863 factae,
548 2811 625 2865 qui
660 2815 737 2866 per
772 2810 1001 2862 officialem
1038 2809 1218 2864 Bogdcm
1243 2809 1446 2850 vaivodcze
1481 2808 1735 2850 Moldaviae
1770 2808 1852 2849 ibi-

162 2881 257 2922 dem
285 2881 451 2936 repulsi
483 2886 596 2923 sunt.

306 2988 552 3043 Spectabili
574 2993 619 3030 et
641 2988 880 3043 Magnifico
901 2986 1084 3028 domino
1105 2986 1260 3028 comiti
1283 2987 1417 3028 Petro
1439 2985 1594 3027 comiti
1615 2985 1670 3027 de
1689 2985 1856 3027 Sancto

108 3080 148 3107 35
167 3057 357 3113 Georgio
390 3063 435 3100 et
469 3059 523 3100 de
556 3059 728 3114 Bozyn,
765 3058 901 3099 iudici
933 3057 1081 3098 curiae
1112 3057 1258 3111 regiae
1282 3056 1606 3111 waivodaeque
1637 3056 1855 3097 Transsil-

167 3141 300 3170 vano.
329 3129 472 3171 Fideli
503 3134 549 3171 et
570 3129 715 3171 amico
735 3142 890 3170 eorum
926 3127 1190 3169 honorando
1226 3132 1310 3169 etc.
1351 3127 1610 3182 Capitulum
1646 3127 1856 3169 ecclesiae
