2209 3643
199 190 231 216 1.
254 179 348 215 Dec.
374 174 485 228 1525]
969 176 1043 210 No.
1069 184 1139 209 100
1826 182 1897 217 137

195 308 402 351 officialis
443 307 603 349 Radwl
635 305 893 348 waivodae⁴
940 304 1037 346 illos
1085 304 1361 360 profligavit,
1408 303 1501 358 ipse
1546 316 1727 358 quoque
1778 302 1898 344 filius

193 380 427 422 waivodae
476 379 522 420 in
572 391 692 432 aqua
736 376 916 432 periisse
970 375 1171 418 dicitur.5
1223 374 1405 430 Captivi
1459 388 1642 429 quoque
1692 373 1899 415 nonnulli

195 452 254 493 ad
272 449 702 493 Radwlwaivodam
726 448 909 489 fuerunt
935 447 1075 496 ducti,
1101 461 1230 502 quos,
1247 451 1384 502 prout
1406 445 1712 500 intelligimus,
1728 458 1784 486 ex
1807 459 1898 500 quo

195 523 240 564 in
269 536 360 564 una
388 526 494 563 sunt
524 520 630 570 fide,
653 519 808 561 cedere
837 519 993 560 nolens
1021 518 1255 560 waivodae
1277 517 1490 559 Moldavo
1519 518 1751 559 remittere
1780 517 1895 559 vult.

160 607 178 633 5
193 594 301 649 Spes
325 593 446 635 enirn
470 592 616 634 bonae
640 590 768 646 pacis
792 594 1062 645 speraretur,
1089 604 1196 631 nam
1221 589 1456 631 waivodae
1481 588 1596 630 alter
1620 588 1679 630 ad
1704 587 1899 629 alterum

194 664 409 720 speciales
448 663 668 705 miserunt
708 666 921 703 oratores.
961 661 1049 702 Sed
1084 661 1209 711 haec,
1239 660 1437 715 qualiter
1476 659 1573 701 fieri
1613 663 1766 714 queat,
1807 672 1899 700 non

195 735 501 790 intelligimus,
539 733 647 788 quia
683 733 845 775 Radwl
866 732 1076 774 waivoda
1111 732 1234 773 misit
1270 731 1329 773 ad
1365 744 1445 772 nos
1481 730 1712 772 hominem
1748 743 1897 778 suum,

194 807 343 849 medio
383 806 510 848 cuius
550 804 785 847 nuntiavit
827 804 956 846 nobis
998 817 1187 845 uxorem
1227 801 1380 844 suam⁶
1418 802 1578 843 morbo
1599 801 1899 856 appoplexiae

194 882 449 933 correptam
485 881 530 918 et
560 890 821 931 percussam
861 875 954 916 fore
991 879 1036 916 et
1073 875 1219 930 ipsam
1257 874 1302 915 in
1338 877 1523 915 tantum
1560 872 1809 921 devenisse,
1847 876 1898 913 ut

141 962 173 988 10
193 949 317 991 nulla
340 962 441 1004 spes
466 948 512 989 in
536 948 635 990 vita
659 961 741 989 sua
767 947 949 988 existat.
979 946 1049 987 Ex
1069 959 1160 1000 quo
1185 950 1341 987 autem
1366 948 1502 986 antea
1527 957 1710 998 quoque
1735 943 1899 985 fratres

194 1026 238 1062 et
263 1018 584 1075 consanguinei
608 1018 819 1060 dominae
843 1017 1025 1059 relictae
1050 1017 1245 1058 condam
1270 1015 1476 1057 Bazarab
1499 1015 1734 1056 waivodae
1758 1014 1899 1056 locuti

193 1092 373 1133 fuerant
402 1090 563 1132 Radwl
589 1089 838 1137 waivodae,
867 1102 958 1143 quo
973 1088 1157 1129 duceret
1184 1087 1270 1129 sibi
1298 1087 1343 1128 in
1371 1100 1560 1128 uxorem
1587 1086 1731 1127 filiam
1760 1085 1899 1140 ipsius

193 1163 375 1204 relictae
390 1161 611 1211 Bazarab‚
628 1166 783 1202 tamen
804 1160 930 1215 prius
950 1173 1187 1214 nunquam
1208 1159 1253 1200 id
1268 1159 1414 1200 facere
1430 1157 1665 1199 voluisset:
1690 1161 1899 1198 attamen

193 1248 314 1275 nunc
345 1233 522 1275 duabus
563 1246 619 1274 ex
649 1232 795 1274 causis
825 1231 884 1272 ad
916 1232 999 1272 hoc
1031 1230 1266 1285 negotium
1296 1229 1498 1277 accessit,
1532 1228 1639 1283 quia
1670 1228 1716 1269 in
1746 1227 1900 1269 uxoris

142 1317 177 1343 15
195 1305 292 1346 vita
310 1304 519 1359 desperat
538 1308 583 1345 et
602 1303 726 1344 nulla
743 1307 810 1344 est
829 1316 930 1357 spes
948 1306 993 1343 et
1012 1301 1150 1350 aliud,
1170 1301 1278 1356 quia
1295 1300 1533 1342 boiarones
1551 1298 1899 1354 Transalpinen-

193 1389 262 1417 ses
301 1375 440 1416 ferme
479 1388 636 1416 omnes
675 1379 780 1415 sunt
821 1374 982 1414 fratres
1021 1377 1065 1414 et
1106 1371 1427 1427 consanguinei
1466 1371 1679 1412 dominae
1716 1370 1900 1412 relictae

195 1447 389 1489 condam
420 1446 646 1487 Bazarab⁷
666 1450 711 1487 et
732 1444 973 1500 praecipue
1001 1443 1280 1485 Perwulestii
1308 1447 1353 1484 et
1383 1442 1445 1483 illi
1477 1442 1714 1483 boiarones
1745 1454 1900 1483 omnes

195 1518 255 1559 ad
287 1518 475 1559 Portam
502 1517 767 1559 Caesaream
789 1516 1005 1556 miserant
1044 1515 1102 1556 ad
1141 1513 1497 1568 consanguineos
1535 1513 1597 1554 ibi
1634 1512 1899 1561 existentes,

194 1589 279 1630 hoc
294 1593 362 1630 est
378 1588 437 1630 ad
452 1588 623 1629 Ibraim
647 1587 828 1628 bassam
850 1591 894 1628 et
917 1586 976 1627 ad
1000 1586 1139 1627 aliurn
1165 1585 1371 1626 similiter
1397 1585 1681 1639 Muzthapha
1700 1584 1897 1632 bassam,

138 1673 178 1699 ρο
196 1660 273 1715 qui
305 1659 404 1715 ipsi,
439 1658 601 1701 Radwl
627 1658 928 1706 intimassent,
952 1657 1075 1711 quod
1095 1656 1131 1697 si
1151 1656 1316 1697 ffliam8
1334 1655 1516 1697 relictae
1550 1654 1783 1696 Bazarab9
1815 1654 1901 1695 sibi

196 1731 242 1772 in
265 1744 453 1772 uxorem
476 1743 568 1771 non
592 1729 790 1778 duceret,
817 1728 871 1770 de
895 1742 1031 1782 regno
1055 1742 1136 1769 suo
1160 1727 1342 1782 penitus
1366 1726 1680 1781 expelleretur,
1706 1730 1751 1767 et
1777 1725 1901 1780 quod

195 1816 287 1843 non
313 1806 438 1843 curet
465 1800 520 1843 de
546 1800 774 1848 Moldavo,
797 1799 903 1854 quia
929 1813 1082 1840 caesar
1108 1798 1194 1853 ipsi
1216 1797 1377 1839 Radwl
1403 1802 1625 1851 quattuor
1651 1797 1901 1838 zanchacos

197 1873 483 1927 assignasset,
525 1871 649 1927 quod
688 1870 1053 1926 quandocunque
1092 1870 1213 1924 ipsos
1252 1873 1452 1917 vocaret,
1494 1868 1706 1909 omnibus
1745 1881 1901 1909 eorum

197 1944 370 1986 viribus
391 1949 436 1985 et
459 1943 756 1998 apparatibus
771 1942 855 1997 ipsi
877 1941 1070 1983 aderunt
1093 1946 1137 1982 et
1160 1944 1289 1995 rogat
1311 1953 1392 1981 nos
1414 1953 1493 1994 per
1515 1939 1729 1981 nuntium
1751 1952 1899 1987 suum,

141 2029 180 2056 25
198 2020 249 2057 ut
285 2015 431 2070 ipsam
468 2014 701 2056 dominam
725 2012 1033 2054 Bazarabne1⁰
1056 2011 1406 2052 immitteremus
1443 2010 1488 2051 in
1524 2024 1714 2064 regnum
1750 2023 1898 2058 suum,

198 2086 305 2141 quia
333 2086 445 2127 adeo
473 2085 734 2127 firmissimo
763 2084 1017 2125 iuramento
1045 2087 1090 2124 et
1119 2096 1340 2123 manuum
1368 2095 1553 2122 suarum
1581 2080 1760 2135 scriptis
1788 2080 1902 2121 alter

199 2157 343 2206 alteri,
372 2157 458 2198 hoc
486 2161 554 2198 est
585 2156 746 2198 Radwl
766 2155 948 2197 relictae
978 2153 1184 2195 Bazarab
1204 2157 1248 2194 et
1270 2153 1368 2207 ipsa
1396 2152 1603 2193 similiter
1627 2151 1711 2206 ipsi
1741 2151 1902 2193 Radwl

200 2228 518 2283 promiserunt,
547 2227 672 2282 quod
698 2227 829 2268 aliter
854 2227 938 2267 hoc
965 2224 1198 2279 negotium
1224 2237 1315 2265 non
1342 2223 1436 2264 fiet.
1468 2223 1549 2265 Cui
1574 2223 1665 2265 tale
1693 2223 1901 2264 dedimus

199 2312 479 2354 responsum,
506 2298 630 2353 quod
654 2298 868 2339 Maiestas
889 2297 980 2338 Sua
1006 2295 1146 2349 Regia
1171 2294 1455 2336 intellexerat
1480 2294 1604 2335 illam
1629 2293 1902 2335 discordiam

145 2383 183 2408 30
201 2369 319 2411 inter
346 2369 613 2411 Moldavum
642 2373 687 2411 et
717 2369 880 2423 ipsum,
912 2372 957 2409 et
988 2366 1113 2421 quod
1142 2365 1355 2406 Maiestas
1382 2364 1474 2406 Sua
1502 2370 1727 2419 tanquam
1756 2364 1902 2405 bonus

201 2440 408 2496 princeps
435 2454 624 2496 semper,
643 2454 759 2495 quae
780 2453 860 2494 pro
888 2439 1008 2480 bono
1035 2442 1080 2479 et
1109 2435 1348 2478 commodo
1375 2449 1616 2490 regnorum
1643 2449 1830 2477 suorum
1857 2439 1902 2476 et

202 2525 480 2566 consequens
526 2512 665 2566 ipsius
712 2511 852 2552 etiam
898 2508 1184 2562 Transalpini
1230 2521 1385 2548 curam
1431 2506 1581 2561 gessit.
1632 2507 1751 2547 Nam
1799 2520 1903 2547 curn

202 2582 497 2624 intellexisset
543 2582 800 2624 waivodam
847 2580 1113 2622 Moldavum
1160 2582 1204 2619 et
1251 2578 1401 2632 ipsum
1447 2582 1603 2631 gentes
1650 2582 1810 2618 contra
1856 2590 1902 2617 se

203 2667 391 2702 armare,
424 2653 723 2695 constituerat
756 2652 969 2694 Maiestas
997 2651 1089 2692 Sua
1119 2650 1265 2704 ipsam
1297 2648 1494 2703 puellam
1514 2661 1726 2689 unacum
1758 2651 1903 2688 matre

150 2736 186 2762 35
202 2738 383 2766 manere
419 2724 581 2766 Cibinii
616 2728 661 2765 et
697 2723 821 2778 quod
845 2722 1013 2764 ibidem
1040 2721 1124 2776 ipsi
1151 2719 1428 2762 Cibinienses
1465 2733 1621 2760 curam
1657 2717 1903 2759 eorundem

203 2799 361 2849 gerant
404 2795 595 2843 tamdiu,
641 2794 783 2836 donec
826 2793 1040 2835 Maiestas
1080 2791 1171 2832 Sua
1212 2804 1307 2831 rem
1350 2790 1469 2831 inter
1511 2789 1631 2844 ipsos
1673 2788 1904 2830 waivodas

351 2925 365 2945 ⁴²
385 2925 518 2959 Banul
544 2923 701 2959 Parvul.
787 2924 801 2944 5
836 2922 933 2956 Fine
959 2921 1076 2955 huius
1103 2919 1312 2963 anni1525.
1405 2918 1419 2939 ⁶
1444 2917 1543 2951 Filia
1575 2916 1727 2950 vornici
1749 2916 1901 2950 Vlaicu.

211 2984 224 3005 ⁷
257 2980 334 3017 Hic
365 2986 405 3018 et
437 2983 624 3017 inferius:
658 2983 853 3017 Bozorab.
932 2981 945 3001 s
970 2979 1183 3017 Ruxanda,
1219 2977 1300 3011 filia
1326 2977 1501 3010 secunda
1524 2976 1721 3010 vaivodae
1744 2976 1905 3020 Neagoe

206 3042 396 3075 Basarab.
472 3042 485 3063 ⁹
506 3042 693 3087 Despina,
741 3051 846 3086 quae
889 3042 981 3085 post
1015 3040 1186 3072 mortem
1219 3036 1397 3080 coniugis
1429 3035 1490 3069 sui
1521 3045 1562 3068 se
1593 3035 1633 3068 in
1664 3034 1904 3079 Transylva-

152 3101 189 3126 40
207 3101 315 3134 niam
346 3100 567 3134 transtulit.
642 3101 672 3122 1⁰
706 3100 794 3140 Hic,
818 3100 923 3134 sieut
941 3098 1063 3144 paulo
1093 3096 1258 3130 interius
1285 3096 1456 3141 scriptor
1478 3094 1671 3140 epistolae
1711 3094 1903 3128 idiomate

207 3159 438 3205 Hungarico
467 3159 690 3194 Bagarabne'
717 3159 854 3194 scribit
886 3160 927 3192 et
965 3156 1149 3191 nominat
1177 3155 1381 3189 dominam
1408 3153 1600 3188 Bazarab.
