2209 3643
297 225 367 260 142
1051 210 1125 244 No.
1151 220 1220 254 104
1673 204 1748 259 [15.
1769 210 1865 255 Julii
1887 213 1983 256 1526

293 349 336 386 et
357 343 588 398 aequitate
607 341 841 384 suadente.
872 341 1045 381 Datum
1065 338 1238 380 decimo
1259 343 1422 380 octavo
1442 339 1513 380 die
1532 339 1621 380 diei
1639 339 1988 382 introductionis

291 419 336 456 et
372 412 637 456 statutionis
673 414 985 467 praenotatae.
1023 410 1156 451 Anno
1193 409 1377 451 Domini
1411 409 1758 465 suprascripto.2

374 520 608 564 (Conceptus
642 516 884 562 capitularis.
921 515 1114 560 Orszagos
1149 515 1344 555 Levffltalr,
1383 516 1600 561 Budapest.
1637 516 1699 550 Dl.
1738 517 1890 561 29408.)

1088 677 1186 719 104.

802 787 1069 837 Sutsclzawa,
1098 800 1166 840 15.
1195 788 1318 841 sulii
1344 789 1471 841 1526.

497 880 679 919 Senatus
703 879 892 918 civitatis
914 878 1164 918 Sutschawa
1187 878 1355 917 senatui
1379 878 1567 917 civitatis
1592 879 1847 918 Besztercze.

432 984 587 1025 Debita
628 983 794 1024 concivi
835 996 912 1024 suo
953 996 979 1024 α
1019 982 1206 1037 quodam
1248 982 1580 1023 Besztercziensi
1630 983 1815 1037 persolvi
1866 983 1985 1038 petit.

432 1093 635 1134 Unseren
682 1089 942 1132 frintlichen
968 1089 1134 1131 Gruess
1159 1089 1308 1130 wisset
1335 1103 1391 1130 zu
1416 1103 1498 1131 vor
1523 1089 1617 1130 ein1
1643 1089 1869 1130 ehrsamer
1894 1090 1989 1132 und

286 1163 439 1205 weiser
473 1161 779 1216 nomhoftiger
813 1161 943 1209 Herr‚
981 1161 1062 1202 der
1098 1160 1287 1202 Richter
1321 1159 1406 1201 mit
1441 1164 1594 1214 sampt
1630 1160 1717 1201 den
1752 1161 1989 1202 ehrsamen

287 1233 581 1281 wohlweisen,
628 1231 942 1286 nomhoftigen
987 1232 1162 1272 Herren
1207 1231 1285 1272 des
1329 1244 1502 1285 ganzen
1548 1231 1686 1272 Roth.
1733 1231 1828 1272 wir
1871 1232 1988 1273 thun
2003 1250 2038 1277 10

288 1307 465 1346 Eueren
493 1303 819 1345 Herrschaften
849 1302 1026 1351 Kundt,
1054 1302 1136 1343 wie
1164 1302 1267 1343 dass
1294 1315 1376 1343 vor
1401 1315 1593 1343 unseren
1618 1301 1988 1344 vollkhimlichen

291 1376 414 1417 Roth
458 1375 515 1416 ist
560 1375 761 1416 khumen
806 1387 939 1415 unser
983 1373 1253 1414 Mitwohner
1296 1372 1380 1414 mit
1426 1373 1603 1414 Nomen
1648 1373 1849 1414 Waskan
1894 1373 1989 1415 und

286 1447 481 1501 geklagt,
501 1445 584 1487 wie
603 1445 696 1486 ihm
715 1444 794 1486 auf
812 1444 883 1486 ein
901 1444 998 1486 Zeit
1019 1444 1063 1485 in
1082 1444 1251 1485 seinem
1272 1444 1400 1485 Haus
1418 1443 1481 1484 sei
1499 1443 1570 1484 ein
1591 1444 1708 1484 Rosz
1727 1444 1987 1485 verstohlen

285 1518 467 1559 worden
505 1517 599 1558 und
637 1530 683 1557 er
721 1515 945 1569 dasselbig
996 1516 1114 1556 Rosz
1163 1514 1390 1569 gesunden
1428 1514 1474 1555 in
1512 1528 1688 1556 euerem
1727 1514 1856 1556 Land
1893 1515 1987 1556 und

287 1588 486 1643 getedigt
510 1588 590 1629 hat
614 1601 697 1628 vor
720 1600 898 1628 euerem
922 1585 1308 1628 vollkhimlichem
1334 1586 1458 1627 Roth
1482 1585 1527 1626 in
1551 1585 1629 1626 der
1651 1585 1762 1633 Zeit,
1788 1585 1846 1626 do
1871 1586 2038 1631 Herr15

287 1659 501 1701 Gabrihel
539 1658 725 1699 Richter
761 1657 818 1699 ist
855 1662 1020 1712 gewest
1058 1657 1152 1699 und
1188 1657 1305 1698 Herr
1341 1656 1553 1698 Gabrihel
1589 1655 1672 1697 mit
1709 1660 1860 1711 sampt
1899 1656 1986 1698 den

288 1731 449 1772 weisen
465 1731 638 1771 Herren
670 1729 763 1770 ihm
796 1729 876 1770 das
909 1729 1055 1770 Recht
1087 1728 1421 1782 zugesprochen
1451 1727 1599 1768 haben
1631 1727 1711 1768 das
1743 1727 1861 1768 Rosz
1891 1726 1985 1769 ihm

287 1816 342 1842 zu
372 1801 581 1856 peczolen
611 1814 702 1841 von
735 1812 785 1841 12
818 1799 863 1840 fl.
896 1799 1217 1854 Ungaricales;
1249 1798 1390 1839 solich
1420 1797 1672 1852 obgemelte
1702 1797 1837 1839 Geldt
1868 1798 1986 1839 Herr

288 1872 501 1913 Gabrihel
539 1871 617 1912 auf
654 1871 749 1912 sich
786 1884 1060 1924 genummen
1098 1871 1178 1911 hat
1217 1883 1272 1910 zu
1310 1869 1521 1924 peczolen
1559 1869 1662 1909 dem
1701 1868 1986 1923 obgemelten

288 1944 500 1991 Waskan,
523 1943 626 1984 dass
646 1955 692 1983 er
712 1941 799 1983 den
820 1941 961 1995 klogt,
984 1941 1088 1982 dass
1108 1941 1202 1982 ihm
1222 1940 1291 1995 pis
1312 1940 1390 1981 auf
1410 1940 1480 1981 die
1498 1939 1667 1981 Stundt
1688 1940 1808 1980 khen
1825 1939 1986 1981 Peczo-
1999 1960 2036 1986 20

425 2132 439 2152 2
466 2132 644 2166 Statutio
667 2132 766 2165 haec
789 2130 884 2176 poni
907 2133 1041 2175 potest
1063 2140 1169 2164 anno
1196 2131 1303 2174 1526,
1330 2129 1424 2174 quia
1446 2129 1622 2163 Saxones
1645 2128 1979 2162 contradixerunt

286 2191 340 2224 1111
364 2191 437 2224 hoc
461 2193 698 2235 praenotato
722 2200 839 2224 anno.
866 2190 1077 2224 Caeterum
1101 2190 1150 2223 de
1173 2188 1233 2222 his
1257 2188 1372 2222 bonis
1395 2188 1435 2221 in
1460 2187 1790 2221 «Transsilvania»
1813 2187 1979 2232 Josephi

289 2250 425 2283 Benko
448 2249 536 2292 (vol.
559 2250 611 2282 Π.
633 2260 721 2294 pag.
745 2250 843 2293 160.)
865 2249 961 2282 11300
979 2248 1238 2282 inveniuntur
1255 2258 1261 2280 :
1282 2247 1345 2281 Ad
1360 2247 1603 2292 episcopium
1618 2246 1788 2280 Albense
1801 2245 1976 2291 pertinet

289 2308 495 2342 castellum
511 2318 670 2353 quoque
686 2308 956 2347 Alvinczense,
975 2307 1086 2341 cuius
1102 2307 1208 2340 bona
1224 2307 1376 2340 dudum
1393 2309 1507 2340 erant
1523 2306 1602 2339 duo
1618 2305 1766 2350 oppida
1784 2315 1791 2338 :
1810 2304 1976 2338 Alvincz

290 2370 329 2401 et
355 2367 554 2401 Borberek
577 2377 667 2401 cum
690 2367 1003 2412 possessionibus
1051 2366 1245 2405 Tartaria,
1286 2365 1432 2404 Karna,
1477 2365 1636 2398 Rakoto
1660 2367 1700 2398 et
1724 2363 1974 2403 Borsomezo,
1999 2373 2036 2400 25

293 2437 395 2470 quae
425 2429 518 2459 ante
548 2428 730 2471 tempora
762 2425 953 2459 Ludovici
984 2425 1038 2458 II.
1066 2425 1167 2469 regis
1197 2424 1438 2469 Hungariae,
1471 2424 1574 2458 inter
1603 2426 1729 2457 terras
1757 2422 1980 2456 Saxonibus

289 2485 406 2529 regiis
427 2485 577 2518 excisas
600 2487 639 2518 et
661 2485 747 2518 iura
769 2484 915 2529 regalia
936 2484 1190 2518 habebantur
1207 2494 1214 2524 ;
1239 2484 1307 2517 sed
1327 2483 1550 2517 Saxonibus
1576 2482 1696 2527 (quod
1718 2492 1764 2515 ea
1792 2481 1878 2515 loca
1911 2481 1980 2514 ho-

290 2544 418 2577 stibus
433 2543 605 2577 maxime
620 2543 739 2577 obvia
748 2546 788 2577 et
802 2543 1050 2577 exercituum
1064 2543 1266 2576 variorum
1280 2542 1394 2587 quasi
1411 2542 1500 2575 viae
1517 2541 1660 2585 essent)
1674 2540 1750 2574 alio
1758 2540 1979 2584 demigran-

289 2602 407 2641 tibus‚
443 2602 729 2636 consuetudine
762 2602 952 2636 continua
984 2601 1166 2641 invaluit,
1202 2604 1248 2635 ut
1280 2611 1349 2646 per
1380 2600 1577 2646 principes
1610 2599 1777 2644 privatis
1809 2598 1979 2633 subinde

289 2661 570 2694 conferrentur.
598 2661 732 2694 Prima
756 2660 916 2695 collatio
942 2661 1050 2694 facta
1074 2663 1134 2694 est
1160 2660 1332 2694 Radulio
1356 2659 1552 2693 vaivodae
1575 2657 1847 2702 Transalpino,
1874 2657 1978 2691 01103
1993 2668 2028 2694 30

289 2729 436 2753 annum
449 2722 554 2763 1526,
566 2719 628 2753 0111
636 2719 776 2753 51311111
784 2730 854 2764 per
861 2719 1165 2753 universitatem
1172 2719 1375 2753 Saxonum
1383 2720 1536 2763 septem
1547 2717 1700 2751 sedium
1710 2727 1758 2750 ex
1770 2726 1816 2750 ea
1824 2715 1978 2750 ratione

288 2777 365 2811 fuit
385 2778 688 2817 contradictum,
713 2778 820 2822 quod
843 2778 1002 2812 collatio
1022 2778 1119 2811 haec
1140 2788 1210 2822 per
1230 2777 1333 2811 male
1353 2777 1615 2810 informatum
1635 2775 1854 2820 principem
1875 2774 1975 2807 acci-

293 2836 413 2870 disset
433 2836 473 2869 in
493 2837 777 2870 detrimentum
798 2837 942 2870 iurium
963 2836 1164 2881 regalium,
1188 2839 1233 2870 ut
1254 2836 1400 2869 docent
1419 2833 1791 2869 contradictionales
1811 2832 1976 2877 capituli

294 2894 473 2928 Albensis
499 2895 548 2928 (10
573 2905 678 2928 311110
708 2897 815 2939 1526.
845 2895 992 2929 Verum
1018 2898 1187 2928 conatus
1211 2894 1414 2928 Saxonum
1442 2895 1588 2926 eventu
1615 2891 1796 2925 frustrari
1822 2891 1972 2931 debuit,

293 2959 454 2996 propter
482 2954 746 2987 mutationem
772 2955 903 2987 status
924 2953 1071 2998 publici
1099 2956 1139 2987 et
1168 2962 1363 2986 secessum
1393 2962 1416 2985 a
1446 2961 1565 2995 regno
1594 2949 1848 2994 Hungariae:
1881 2959 1977 2983 nam
1992 2961 2028 2987 35

288 3011 460 3054 separati
478 3011 568 3044 dein
585 3011 791 3055 principes,
815 3012 936 3045 etiam
957 3012 1043 3046 iura
1063 3011 1228 3056 quaevis
1251 3010 1396 3054 regalia
1419 3009 1523 3043 licite
1543 3009 1754 3042 donarunt.
1779 3007 1972 3051 Quocirca

291 3078 359 3111 per
378 3069 507 3102 varias
526 3069 754 3103 collationes
773 3070 870 3103 haec
890 3080 1049 3115 quoque
1068 3071 1174 3104 bona
1193 3079 1297 3103 anno
1321 3078 1413 3112 1532
1436 3070 1509 3101 etc.
1531 3066 1751 3100 inciderant
1770 3066 1810 3099 in
1830 3076 1971 3100 manus

293 3126 492 3160 variorum
523 3128 782 3171 privatorum.

431 3185 443 3204 1
464 3184 511 3217 In
531 3184 709 3228 originali
728 3196 734 3218 ;
758 3186 831 3219 Α11.
