2209 3643
287 223 361 256 228
981 218 1055 251 No.
1082 226 1274 258 190—191
1668 209 1741 263 [15.
1763 213 1862 259 Julii
1885 222 1980 257 1531

288 351 409 393 mille
431 364 439 400 ;
465 350 559 405 ipse
583 348 702 390 enim
726 347 847 388 solus
867 346 1100 400 Johannes
1123 357 1215 386 non
1238 344 1378 386 habet
1402 343 1465 385 ibi
1489 357 1628 398 equos
1652 343 1786 393 mille,
1811 343 1986 385 habent

286 420 540 463 bombarda
566 418 759 460 sedecim
786 421 830 458 et
858 415 1062 470 quotidie
1089 415 1324 457 civitatem
1351 414 1588 469 sagittant.

432 491 503 532 Ex
531 492 680 530 castro
706 491 864 528 nostro
891 486 1052 535 Zaard,
1082 498 1150 528 22.
1182 485 1253 527 die
1281 485 1389 527 Maii
1417 498 1537 526 anno
1567 496 1692 539 1531.

433 581 659 627 (Originale.
689 580 909 616 Archivum
937 579 1115 615 civitatis
1143 580 1285 614 Kassa.
1307 580 1382 614 No.
1410 591 1518 625 1535.
1541 579 1703 614 Edidit:
1729 578 1986 614 «Tortenelmi

293 643 387 677 Tar»
419 652 526 685 1901.
558 651 647 687 pag.
678 639 909 685 452—453.)
2023 648 2046 673 5.

1093 789 1192 831 190.

850 901 1040 949 Hermu,
1062 912 1130 954 15.
1153 900 1274 954 Julii
1294 911 1421 953 1531.

413 993 562 1031 Petrus
579 992 710 1045 Rares
726 991 910 1029 vaivoda
925 990 1162 1029 Moldaviae
1178 990 1448 1029 Ferdinando
1464 991 1496 1029 I.
1515 990 1599 1041 regi
1616 991 1871 1042 Hungariae.

441 1091 626 1133 Litterae
646 1091 920 1132 credentiales
940 1095 1018 1146 pro
1038 1090 1193 1132 nuntio
1216 1090 1415 1145 Gregorio
1436 1090 1639 1132 Litterato
1660 1091 1716 1132 ad
1730 1104 1827 1131 eum
1841 1090 1988 1133 misso.

434 1198 561 1240 Serme
597 1197 805 1253 princeps
854 1202 899 1239 et
949 1197 1143 1246 domine,
1196 1197 1294 1239 Rex
1331 1201 1487 1239 noster
1521 1197 1856 1252 gratiosissime.
1894 1197 2051 1240 Ser-10

290 1270 457 1312 vitium
500 1283 603 1311 cum
645 1268 884 1310 fidelitate.

440 1341 603 1382 Petrus
626 1339 836 1381 waivoda
861 1339 945 1381 Dei
968 1338 1115 1393 gratia
1139 1338 1350 1380 dominus
1374 1338 1495 1393 regni
1533 1338 1804 1388 Moldaviae‚
1845 1339 1992 1381 heres-

292 1426 379 1467 que
418 1415 678 1466 perpetuus.

436 1481 665 1523 Mittimus
695 1481 815 1522 hunc
847 1481 1027 1522 fidelem
1059 1485 1266 1522 nostrum
1298 1480 1521 1522 famulum
1553 1480 1817 1535 Gregorium
1850 1480 1992 1522 Litte-

292 1558 458 1602 ratum‚
496 1551 805 1608 praesentium
842 1551 1011 1594 scilicet
1049 1551 1364 1601 exhibitorem,
1402 1551 1533 1593 nobis
1569 1551 1738 1593 sincere
1775 1551 1993 1593 dilectum
2010 1567 2052 1593 ιε»

293 1638 397 1666 cum
433 1623 661 1665 nonnullis
697 1623 831 1664 rebus
866 1622 1214 1664 rationabilibus
1250 1636 1328 1664 seu
1364 1622 1624 1664 necessariis
1660 1635 1765 1676 erga
1801 1621 1993 1663 eandem

293 1692 401 1737 Mtem
436 1694 640 1749 Regiam,
687 1693 923 1735 dominum
968 1697 1176 1735 nostrum
1222 1693 1364 1735 veluti
1398 1693 1788 1748 gratiosissimum,
1824 1692 1994 1748 duplici

293 1766 543 1821 rogandam
584 1765 729 1820 ipsam
781 1762 888 1806 Mtem
931 1764 1120 1819 Regiam
1172 1768 1349 1818 rogatu,
1404 1768 1631 1819 quatenus
1669 1768 1994 1819 praenotatum

296 1837 517 1879 famulum
558 1839 766 1877 nostrum
808 1835 906 1891 ipsa
946 1835 1160 1877 Maiestas
1203 1834 1344 1889 Regia
1385 1834 1597 1889 dignetur
1637 1835 1735 1876 loco
1775 1847 1994 1889 personae

302 1912 483 1949 nostrae
511 1907 584 1963 pie
614 1906 842 1956 exaudire,
873 1919 1049 1948 necnon
1079 1905 1212 1947 dictis
1242 1905 1442 1947 eiusdem
1485 1905 1623 1947 fidem
1669 1910 1901 1960 praestare
1931 1905 1995 1946 in·
2009 1921 2052 1947 20v

304 1978 503 2020 dubiam.
541 1978 610 2019 Ea
643 1977 762 2019 enim
797 1977 931 2027 dicet,
970 1990 1087 2032 quae
1121 1991 1176 2018 ex
1209 1980 1363 2018 mente
1396 1980 1553 2018 nostra
1587 1975 1778 2018 dicenda
1805 1975 1994 2030 accepit.

305 2049 365 2091 Et
395 2049 583 2091 eandem
613 2049 736 2090 Deus
765 2048 1051 2103 omnipotens
1079 2046 1225 2102 ipsam
1257 2046 1446 2102 Regiam
1475 2046 1554 2088 diu
1584 2046 1770 2089 felicitet
1800 2051 1844 2089 et
1875 2059 1997 2102 pros-

305 2123 430 2174 peret
474 2119 774 2161 Maiestatem.

448 2190 621 2231 Datum
636 2189 900 2239 Balhoviae‚
918 2199 984 2242 15.
1003 2188 1074 2231 die
1098 2188 1295 2243 m.Julii.
1313 2189 1447 2230 Anno
1472 2188 1659 2243 virginei
1685 2192 1843 2243 partus
1869 2198 1994 2241 1531.

442 2280 466 2319 I
469 2280 673 2319 ntitulatio
692 2292 705 2319 .·
720 2279 841 2319 Sermo
856 2279 1033 2331 principi
1062 2283 1103 2318 et
1133 2279 1291 2318 Illustri
1309 2278 1576 2317 Ferdinando
1592 2278 1677 2329 regi
1694 2279 1996 2323 Romanorum,
2011 2285 2057 2312 25

306 2339 618 2390 Hungar'orum,
669 2340 967 2385 Bohemorum,
1018 2351 1180 2378 necnon
1229 2338 1425 2377 Austriae
1474 2338 1571 2377 duci
1619 2337 1995 2377 Excellentissimo.

307 2398 441 2438 Nobis
472 2398 848 2451 praestantissimo,

665 2484 889 2531 (Originale.
920 2485 1207 2525 Staatsarchiv,
1242 2484 1369 2520 Wien.
1401 2484 1660 2529 Hungarica.)

1091 2636 1190 2678 191.

713 2746 946 2799 [Kal-how,
980 2745 1109 2787 initio
1140 2745 1402 2801 Septembris
1434 2746 1592 2798 1531]
2012 2768 2057 2795 30.

630 2836 843 2886 Anonymi
869 2835 1018 2874 relatio
1050 2835 1101 2873 de
1133 2834 1290 2886 proelio
1322 2846 1450 2885 penes
1479 2833 1683 2883 Obertyn.

436 2933 680 2987 Descriptio
709 2933 910 2975 victoriae
937 2933 987 2974 de
1021 2933 1225 2975 Valachis
1256 2937 1406 2987 partae
1435 2932 1483 2973 in
1517 2931 1710 2986 Augusto
1741 2942 1866 2984 1531.

453 3037 685 3081 Voievoda
720 3039 974 3080 Moldaviae
1009 3042 1054 3080 et
1091 3038 1451 3093 praedecessores
1487 3036 1594 3085 eius,
1632 3040 1683 3077 ut
1720 3036 1996 3090 perfidorum

311 3120 407 3147 mos
423 3112 504 3156 est,
521 3108 631 3148 nihil
646 3122 848 3162 unquam
864 3109 996 3163 longo
1012 3108 1101 3149 iam
1118 3113 1334 3162 tempore,
1351 3106 1530 3160 regibus
1545 3120 1601 3147 ex
1616 3119 1752 3161 regno
1769 3106 1995 3156 Poloniae,
2011 3119 2058 3145 35Ἰ

311 3177 434 3230 quod
460 3177 745 3226 tenebantur,
774 3178 1112 3232 praestiterunt,
1141 3191 1231 3232 quo
1257 3177 1351 3231 ipse
1377 3176 1601 3218 voievoda
1627 3176 1821 3226 innixus,
1851 3177 1997 3218 hieme
