2209 3643
176 219 212 252 4.
239 207 334 242 Dec.
366 199 476 259 1476]
952 205 1028 240 No.
1051 216 1097 251 24
1822 215 1870 250 27

176 336 259 386 vit,
297 336 439 379 donec
475 336 574 386 iter,
613 336 736 391 quod
772 336 975 391 pluribus
1011 336 1308 378 hebdomadis
1345 336 1557 379 intrando
1594 336 1868 386 absolverat,

176 407 328 450 triduo
351 407 543 450 confecit
565 420 808 462 rursusque
831 407 1093 449 Danubium
1116 408 1350 457 remeavit,
1390 422 1472 450 nec
1505 408 1683 450 destitit
1718 407 1871 463 quoad

177 478 617 534 Constantinopolim
658 478 804 520 rediit.
848 478 1032 533 Quanta
1072 479 1117 520 in
1158 479 1266 534 fuga
1306 479 1394 528 illa,
1437 479 1484 520 in
1524 479 1783 521 hominibus
1823 483 1868 521 et

177 548 403 599 iumentis,
424 550 592 592 damna
609 549 868 604 susceperit,
889 549 966 591 vix
985 550 1104 591 credi
1122 554 1273 605 posset
1295 564 1304 600 ;
1324 563 1433 592 vera
1450 563 1648 605 namque
1666 550 1869 592 omnium

142 620 256 675 5qui
289 620 422 663 istinc
454 620 644 663 veniunt
678 620 908 670 relatione,
944 621 1065 662 ultra
1099 621 1432 676 quinquaginta
1464 621 1589 663 milia
1633 621 1870 663 hominum

176 690 413 733 invisendo
440 691 516 733 illo
543 691 744 746 ingressu
771 691 917 746 primo
944 691 1127 746 quidem
1156 692 1286 742 ferro,
1316 692 1478 734 deinde
1506 693 1640 742 farne,
1669 696 1796 748 peste
1824 696 1869 734 et

175 762 316 804 nimio
342 762 511 818 periere
538 762 704 804 labore.
736 762 1016 817 Imperatore
1044 763 1199 818 itaque
1226 763 1272 804 in
1300 763 1455 817 fugam
1482 777 1713 813 converso,
1743 763 1869 805 iussi-

175 846 277 875 mus
310 833 572 889 capitaneos
604 837 783 875 nostros
816 847 1003 888 regnum
1037 833 1386 889 Transalpinum
1420 834 1606 889 ingredi,
1643 834 1870 876 infidelem

176 903 383 946 Bozorad
407 904 585 946 excludi
606 909 650 946 et
676 904 955 958 Draguliam,
998 904 1146 946 virum
1171 918 1400 946 armorum
1425 909 1470 946 et
1494 905 1650 947 Turcis
1675 905 1869 947 infestis-

121 984 158 1012 10
175 974 355 1025 simum,
389 975 435 1017 in
465 975 722 1017 waivodam
754 976 876 1030 erigi,
901 976 1024 1030 quod
1055 976 1239 1017 favente
1262 976 1497 1017 Altissimo
1528 976 1619 1018 iam
1651 977 1870 1019 effectum

175 1049 257 1087 est.
293 1046 428 1101 Fugit
461 1046 668 1088 Bozorad
700 1060 926 1101 regnoque
958 1047 1127 1101 pulsus,
1162 1046 1207 1087 in
1239 1060 1375 1102 regno
1408 1047 1661 1102 Bulgariae,
1696 1061 1868 1098 omnes,

175 1130 289 1171 quos
314 1117 466 1172 potuit
491 1118 660 1159 Turcos
686 1118 731 1158 in
757 1118 1009 1159 subsidium
1035 1117 1242 1167 adduxit,
1271 1117 1474 1160 conflixit
1500 1122 1545 1160 et
1572 1119 1669 1160 Deo
1694 1119 1868 1174 optimo

175 1192 447 1243 cooperante
470 1192 740 1243 prostratus,
766 1192 817 1230 ut
841 1189 987 1230 solum
1001 1189 1250 1230 Turcorum
1266 1188 1398 1230 occisi
1422 1192 1466 1230 et
1482 1189 1606 1244 capti
1629 1189 1721 1231 sint
1745 1190 1869 1232 circi-

176 1262 245 1300 ter
261 1258 416 1301 decem
434 1262 479 1300 et
497 1263 600 1301 octo
618 1259 756 1309 milia,
775 1259 868 1314 ipse
887 1260 1034 1301 denuo
1053 1259 1186 1314 fugae
1203 1273 1249 1301 se
1267 1260 1507 1309 commisit,
1519 1264 1734 1310 castrum,
1746 1260 1870 1316 quod

121 1338 159 1366 15
175 1334 313 1385 caput
351 1334 419 1372 est
456 1330 580 1385 regni
616 1330 1007 1380 munitissimum,2
1045 1330 1250 1380 intravit,
1289 1344 1424 1385 quem
1462 1330 1689 1386 capitanei
1724 1332 1869 1374 nostri

175 1400 366 1442 insecuti
387 1405 508 1450 sunt,
534 1414 585 1442 ac
607 1401 693 1451 ille,
717 1405 924 1443 metuens
946 1401 1240 1451 obsidionem,
1265 1401 1324 1443 ad
1344 1402 1554 1444 Turciam
1576 1403 1713 1444 tertio
1735 1403 1866 1458 fugit.

174 1471 353 1513 Exinde
376 1471 609 1514 obsessum
633 1476 699 1514 est
725 1476 924 1514 castrum
947 1477 992 1514 et
1016 1472 1194 1514 duabus
1216 1472 1514 1514 hebdomadis
1554 1479 1868 1528 expugnatum

175 1542 327 1597 sicque
343 1556 480 1598 regna
496 1543 572 1584 illa
588 1543 799 1585 inferiora
815 1547 859 1585 et
876 1543 991 1585 mari
1007 1543 1288 1585 contermina
1304 1547 1409 1585 tuta
1424 1548 1469 1585 et
1486 1557 1642 1586 secura
1659 1545 1869 1600 deinceps

175 1613 355 1656 reddita
382 1618 488 1655 sunt
511 1628 520 1663 ;
551 1619 635 1655 etc.

119 1693 158 1720 20
319 1685 494 1727 Datum
520 1685 692 1734 Budae,
723 1697 789 1738 15.
818 1685 889 1727 die
915 1685 1198 1727 Novembris.
1226 1685 1358 1727 Anno
1384 1685 1569 1727 Domini
1596 1686 1720 1741 1476.

175 1791 402 1836 (Originale.
428 1792 716 1832 Staatsarchiv,
746 1792 938 1826 Dresden.
967 1791 1129 1826 Edidit:
1160 1791 1335 1826 Fraknoi
1360 1792 1382 1825 l.
1412 1802 1444 1826 c.
1478 1791 1556 1826 vol.
1586 1792 1616 1826 Ι.
1644 1803 1734 1837 pag.
1762 1793 1865 1837 355.)

983 1954 1052 1995 24.

693 2063 837 2112 Euda,
871 2075 910 2117 4.
945 2063 1190 2105 Decembris
1222 2064 1349 2118 1476.

281 2153 464 2192 Mathias
490 2166 563 2193 rex
591 2153 834 2204 Hungariae
861 2153 1044 2193 Gabrieli
1072 2154 1295 2205 Rangonio
1321 2154 1516 2207 episcopo
1542 2154 1745 2206 Agriensi.

119 2277 156 2304 25
319 2266 453 2307 Turcz'
477 2266 525 2307 iaz
552 2266 608 2307 M
611 2265 781 2307 oldavia
807 2279 833 2307 a
852 2265 1070 2320 Stephano
1088 2265 1278 2319 Bcitlzory
1304 2265 1492 2320 dispersi
1509 2269 1547 2307 et
1571 2266 1688 2307 clade
1709 2266 1865 2318 afflicti

175 2340 276 2377 sunt
296 2340 333 2377 et
351 2337 578 2392 provincia
600 2337 678 2378 illa
699 2336 760 2378 sic
782 2337 938 2378 iterum
958 2340 1206 2391 recuperata
1228 2340 1299 2377 est.

317 2453 516 2496 Mathias
544 2455 643 2496 Rex
671 2458 755 2496 etc.
787 2453 1175 2495 Reverendissime
1203 2453 1352 2494 Pater.

315 2525 586 2580 Supervenit
621 2539 742 2567 nunc
778 2524 975 2566 famulus
1010 2523 1187 2565 comitis
1219 2523 1439 2579 Stephani
1474 2523 1529 2566 de
1564 2524 1752 2575 Bathor,
1790 2526 1868 2580 qui

174 2595 332 2637 attulit
364 2595 454 2637 ista
476 2609 611 2645 nova,
633 2595 758 2651 quod
776 2595 983 2637 Bozarab
1009 2594 1207 2636 vaivoda
1226 2594 1564 2649 Transalpinus,
1598 2596 1677 2650 qui
1708 2596 1867 2639 habito

119 2677 158 2706 30
174 2680 340 2721 magno
365 2665 650 2721 imperatoris
674 2667 924 2708 Turcorum
949 2665 1173 2720 praesidio
1193 2669 1352 2706 contra
1375 2669 1554 2707 nostros
1568 2679 1614 2707 se
1627 2680 1868 2722 praepara-

173 2741 317 2786 verat,
349 2741 598 2792 antequam
628 2737 867 2779 Moldavus
897 2749 1000 2777 curn
1030 2735 1138 2790 ipsis
1168 2735 1466 2785 convenisset,
1497 2736 1763 2791 profligatus
1793 2737 1866 2787 sit,

172 2807 252 2848 ubi
275 2808 431 2862 ingens
454 2807 647 2850 victoria
669 2811 817 2863 parta,
843 2806 977 2848 multi
1017 2820 1072 2848 ex
1094 2805 1303 2847 hostibus
1327 2806 1458 2855 caesi,
1484 2806 1618 2848 multi
1641 2807 1869 2850 vulnerati

173 2882 294 2927 sunt,
312 2882 358 2920 et
374 2878 639 2933 praesertim
648 2878 704 2920 de
718 2877 888 2926 Turcis,
906 2876 984 2932 qui
999 2881 1103 2918 octo
1118 2880 1163 2918 et
1180 2876 1335 2918 decem
1352 2876 1479 2918 milia
1494 2876 1630 2919 fuisse
1646 2877 1866 2928 feruntur,

173 2948 303 3002 quasi
334 2962 468 2990 nemo
500 2949 708 2998 evaserit,
742 2952 878 3003 prout
911 2947 1005 3002 ipse
1037 2946 1199 2988 nuntio
1231 2947 1451 2988 referente
1495 2947 1753 2990 Paternitas
1796 2949 1870 2991 V¹²²

118 3029 156 3056 35
172 3017 309 3060 latius
331 3019 555 3073 intelligit.
573 3020 764 3074 Insuper
778 3022 992 3066 castrum,
1009 3016 1132 3072 quod
1153 3016 1271 3058 illius
1292 3021 1438 3059 terrae
1460 3017 1758 3060 fortissimum
1780 3024 1862 3070 est,

343 3178 360 3203 2
381 3184 648 3220 Probabiliter
667 3184 852 3220 Castrum
873 3181 1115 3228 Darnbovita
1134 3198 1181 3210 =
1200 3183 1424 3230 Bucuresti.
