2209 3643
198 186 257 218 29.
278 176 389 222 Junii
412 170 524 225 1524]
978 175 1052 210 No.
1075 176 1123 216 96
1824 184 1895 215 129

1010 302 1079 343 96.

730 400 918 454 Rugusci,
956 411 1023 453 29.
1060 400 1196 453 sumi
1231 411 1358 453 1524.

196 491 374 531 Michael
411 490 627 542 Bocignoli
665 490 910 541 Ragusaeus
947 490 1133 529 Gerardo
1171 490 1317 529 Plania
1354 490 1578 529 secretario
1615 491 1894 543 imperatoris

340 590 588 645 Descriptio
620 590 854 632 Valaclzz'ae
883 594 919 631 et
947 590 1040 631 eius
1070 590 1324 632 incolarum.
1358 590 1577 645 Quomodo
1602 589 1815 632 Valachia
1844 590 1894 632 in

164 674 180 700 5
196 665 444 717 potestatem
474 662 718 703 Turcarum
745 661 917 702 venerit.

341 755 559 797 Valachia
578 755 700 796 ultra
720 754 983 796 Danubium
1005 759 1163 796 contra
1185 754 1437 809 Nicopolim
1459 754 1627 809 regiam
1649 754 1896 810 aliquando

198 826 501 881 Bulgarorum
526 826 692 874 sedern,
718 839 838 868 nunc
862 825 1050 867 Turcico
1074 825 1305 867 subditam
1330 825 1531 881 imperio,
1557 826 1646 867 sita
1670 830 1752 875 est,
1779 840 1895 881 quae

198 898 256 939 ab
281 897 440 939 Turcis
465 911 619 939 recens
645 896 823 939 defecit.
860 896 995 939 Cuius
1033 896 1299 938 defectionis
1336 901 1585 952 antequam
1624 911 1783 938 causas
1821 911 1896 939 ex-

197 982 380 1024 ponam,
402 969 550 1010 visum
573 972 640 1010 est
663 968 906 1010 Valachiae
927 968 1065 1010 situm
1080 967 1312 1022 designare
1328 982 1379 1009 ac
1395 968 1483 1009 alia
1504 968 1730 1022 quaedam
1758 969 1896 1023 paulo

146 1052 180 1078 10
198 1039 334 1081 altius
368 1044 584 1095 repetere,
622 1053 712 1094 quo
747 1043 931 1080 narrata
966 1038 1067 1094 plus
1102 1038 1437 1093 perspicuitatis
1472 1039 1706 1093 recipiant.
1746 1039 1894 1081 Huius

196 1111 440 1152 Valachiae
465 1111 576 1152 fines
601 1115 707 1152 sunt
733 1110 791 1151 ab
817 1110 988 1151 oriente
1013 1110 1156 1151 altera
1181 1110 1412 1159 Valachia‚
1439 1123 1555 1165 quae
1581 1110 1811 1151 Moldovia
1837 1111 1895 1152 ab

197 1182 392 1237 Ungaris
419 1182 688 1237 appellatur,
717 1181 775 1222 ab
801 1181 1002 1236 antiquis
1029 1181 1172 1222 Dacia
1198 1181 1335 1230 dicta,
1363 1181 1421 1222 ab
1448 1181 1680 1223 occidente
1707 1181 1893 1236 Ungari,

194 1253 456 1308 Sibignique
495 1252 713 1308 oppidum
752 1252 796 1293 in
835 1252 942 1307 ripis
981 1252 1181 1293 Danubii
1219 1252 1374 1301 situm,
1414 1256 1553 1307 atque
1591 1252 1650 1293 ad
1687 1252 1894 1307 Ungaros

196 1324 441 1378 pertinens,
479 1338 506 1365 a
541 1323 849 1378 septentrione
885 1327 1077 1371 montes,
1115 1323 1193 1377 qui
1228 1323 1606 1378 Transylvaniam
1642 1323 1895 1378 Ungaricae

146 1408 181 1433 15
196 1395 384 1436 ditionis
401 1395 648 1449 regionem,
669 1394 1024 1449 Valachiamque
1043 1393 1370 1443 discriminant,
1391 1408 1417 1435 a
1435 1394 1619 1436 meridie
1638 1395 1891 1437 Danubius.

197 1467 331 1508 Patet
353 1466 399 1507 in
419 1465 748 1520 longitudinem
770 1466 864 1507 XII
886 1465 1060 1506 dierum
1082 1465 1240 1507 itinere
1260 1465 1318 1507 ab
1339 1465 1571 1507 occidente
1591 1465 1637 1506 in
1658 1465 1893 1515 orientem,

197 1537 242 1578 in
271 1537 514 1579 latitudine
542 1550 568 1578 a
594 1537 779 1578 meridie
806 1536 851 1578 in
879 1535 1233 1591 septentrionem
1261 1536 1399 1578 trium
1427 1541 1471 1578 et
1500 1536 1707 1592 amplius
1737 1537 1783 1578 in
1809 1538 1895 1578 hac

197 1607 391 1663 planicie
414 1611 635 1663 perpetua
657 1608 801 1649 solum
825 1607 1003 1662 pingue,
1028 1621 1263 1663 capaxque
1286 1608 1447 1657 cultus,
1471 1607 1556 1649 nisi
1578 1621 1669 1663 qua
1691 1608 1893 1662 paludes,

199 1683 280 1720 aut
317 1679 459 1721 silvae
495 1679 786 1720 intercidunt.
828 1678 968 1733 Regio
1005 1679 1206 1720 omnium
1243 1679 1382 1727 ferax,
1421 1692 1537 1733 quae
1574 1678 1632 1720 ad
1668 1679 1895 1720 humanae

143 1762 179 1788 ρο
198 1750 323 1792 vitae
363 1750 681 1791 necessitatem
722 1749 964 1804 pertinent,
1006 1754 1184 1804 praeter
1223 1750 1395 1799 vinum,
1437 1749 1563 1791 cuius
1603 1749 1803 1804 alioquin
1843 1763 1896 1791 ea

197 1835 320 1876 genS,
347 1825 509 1876 utpote
536 1821 760 1876 crapulae,
787 1821 1026 1875 ventrique
1052 1820 1220 1869 dedita,
1247 1820 1622 1875 appetentissima
1646 1826 1727 1862 est.
1757 1821 1894 1862 Pecu-

196 1892 305 1933 dum
347 1892 509 1934 nullibi
550 1892 694 1933 maior
736 1891 880 1946 copia,
924 1905 1236 1946 equorumque
1278 1895 1485 1933 armenta
1526 1891 1604 1933 vix
1646 1891 1896 1933 minoribus

196 1963 469 2005 animalibus
520 1963 744 2012 cedentia,
796 1962 920 2011 vicis,
972 1976 1063 2003 non
1126 1962 1327 2011 urbibus,
1392 1962 1469 2004 sed
1532 1962 1895 2017 frequentissime

195 2034 446 2076 habitatur.
483 2034 603 2076 Nam
636 2033 682 2075 in
715 2047 768 2075 ea
800 2033 891 2075 vici
925 2034 1012 2075 XV
1045 2033 1198 2082 millia,
1234 2047 1426 2088 quorum
1459 2033 1635 2074 minimi
1668 2034 1704 2075 L
1737 2033 1897 2075 domos

143 2117 182 2142 25
197 2105 383 2154 habent,
412 2105 458 2146 in
483 2105 568 2147 hac
593 2105 698 2147 salis
723 2109 915 2153 montes,
943 2118 1055 2159 quos
1080 2103 1391 2158 provinciales,
1419 2104 1544 2146 velut
1571 2104 1617 2145 in
1642 2104 1896 2159 lapidicinis

197 2189 322 2225 saxa,
352 2176 583 2225 excidunt,
615 2175 861 2230 Turcisque
887 2175 1106 2216 vendunt.
1138 2174 1296 2216 Gentis
1322 2175 1434 2216 rude
1461 2174 1729 2229 ingenium,1
1757 2179 1897 2230 atque

197 2246 435 2296 incultum,
463 2260 635 2303 parque
659 2260 740 2288 suo
765 2246 927 2301 pecori,
953 2260 1098 2300 neque
1122 2245 1325 2295 militiae,
1351 2259 1497 2301 neque
1520 2260 1670 2287 rerum
1695 2246 1895 2301 publica-

197 2332 298 2359 rum
322 2331 479 2360 curam
505 2322 681 2373 gerunt,
718 2317 919 2359 rixarum
955 2321 1092 2371 atque
1116 2316 1441 2358 discordiarum
1478 2316 1590 2358 adeo
1613 2317 1817 2367 studiosi,
1843 2322 1895 2358 ut

198 2388 463 2443 plerumque
489 2402 516 2430 a
542 2388 798 2444 principum
826 2387 961 2430 caede
987 2401 1078 2428 non
1105 2387 1380 2429 abstineant.
1412 2388 1511 2443 Quo
1537 2388 1711 2429 factum
1737 2392 1820 2437 est,
1843 2392 1894 2429 ut

145 2470 181 2497 30
201 2473 304 2500 cum
318 2459 422 2501 solis
439 2459 634 2515 Ungaris
649 2459 893 2514 vectigales
908 2463 1070 2507 essent,
1086 2458 1242 2499 Turcis
1256 2472 1346 2500 non
1369 2458 1514 2500 solum
1537 2459 1794 2514 vectigales,
1817 2459 1896 2500 sed

200 2543 313 2584 pene
347 2530 520 2572 subditi
553 2530 664 2572 facti
696 2530 801 2572 sint.
838 2530 1013 2584 Lingua
1047 2529 1180 2578 Itala,
1215 2529 1293 2570 sed
1326 2529 1562 2584 aliquanto
1596 2529 1895 2571 contractiore

199 2605 420 2651 utuntur;
455 2601 689 2643 christiani
713 2605 835 2650 sunt,
861 2601 939 2642 sed
971 2599 1226 2642 scismatici.
1264 2600 1388 2641 Inter
1407 2614 1481 2642 eos
1509 2600 1754 2655 aliquando
1774 2600 1895 2655 prin-

201 2685 304 2726 ceps
334 2671 436 2721 fuit,
469 2686 604 2727 quem
634 2671 905 2713 voievodam
935 2671 1182 2726 appellant,
1214 2670 1440 2725 Dragulus
1468 2671 1664 2720 nomine,
1696 2671 1765 2713 vir
1794 2685 1896 2712 acer

201 2746 245 2783 et
283 2742 550 2784 militarium
587 2743 872 2797 negotiorum
910 2742 1113 2796 apprime
1151 2741 1336 2795 peritus.
1377 2742 1465 2783 Hic
1501 2756 1593 2783 non
1631 2742 1776 2783 solum
1814 2755 1896 2783 sua

149 2823 184 2850 35
202 2813 374 2867 egregie
411 2814 668 2863 tutabatur,
708 2813 786 2855 sed
824 2814 1071 2854 Turcarum
1110 2812 1221 2853 fines
1258 2812 1470 2867 hybernis
1508 2813 1802 2867 temporibus,
1843 2816 1895 2853 ut

202 2883 467 2938 plerumque
490 2884 556 2933 fit,
581 2884 721 2939 glacie
746 2888 954 2925 concreto
979 2882 1190 2924 Danubio
1215 2883 1573 2937 aggrediebatur,
1600 2897 1764 2938 eosque
1788 2883 1895 2937 igni,

354 3036 367 3057 1
395 3036 458 3070 Ab
489 3037 564 3071 hoc
595 3037 682 3071 loco
713 3048 838 3083 usque
869 3037 921 3071 ad
952 3036 1074 3070 finem
1106 3036 1249 3080 capitis
1280 3036 1397 3071 huius
1430 3037 1555 3071 edidit
1586 3037 1722 3081 lingua
1754 3036 1898 3070 Italica

203 3094 470 3129 Antonmaria
499 3095 563 3129 del
590 3096 731 3130 Chiaro
749 3106 760 3130 .·
792 3095 937 3130 Istoria
967 3094 1067 3129 delle
1095 3095 1285 3129 moderne
1305 3095 1541 3129 rivoluzioni
1572 3095 1677 3129 della
1706 3095 1900 3129 Valachia

209 3153 405 3197 (Venezia,
441 3154 566 3199 1748.)
598 3165 687 3200 pag.
725 3164 934 3199 112—117.

270 3240 375 3266 Fontes
395 3240 502 3266 Rerum
524 3241 803 3274 Transylvanicarum
823 3241 876 3267 1V.
1736 3240 1756 3272 9
