2209 3643
260 193 332 234 136
1019 187 1094 221 No.
1119 196 1190 219 100
1667 181 1715 235 [1.
1738 185 1832 222 Dec.
1857 196 1951 231 1525

256 323 378 361 tates
400 318 446 360 id
467 331 580 373 opus
595 316 923 358 misericordiae
945 329 1080 369 super
1099 315 1181 356 hos
1203 314 1387 356 miseros
1408 314 1626 363 homines,
1650 315 1773 369 quod
1793 329 1955 357 uxores

256 390 456 444 ipsorum
480 402 558 443 per
583 388 629 429 id
655 386 954 442 periculosum
980 385 1079 434 iter,
1106 385 1185 426 ubi
1211 385 1296 426 illis
1320 399 1412 426 non
1438 389 1566 426 extat
1593 385 1823 434 securitas,
1851 400 1954 428 con-

258 461 497 502 ducantur.
521 459 614 499 Nos
633 458 678 498 in
698 456 919 498 similibus
938 456 1011 498 vel
1030 455 1276 497 maioribus
1296 469 1467 497 morem
1486 469 1636 510 gerere
1654 456 1951 498 studebimus,

388 531 562 571 Datum
596 527 794 582 Leopoli,
830 527 941 568 feria
975 527 1137 581 quinta
1170 526 1241 568 die
1274 527 1379 568 festi
1397 527 1552 568 Sancti
1574 526 1784 568 Floriani.
1820 528 1953 568 Anno

258 600 441 642 Domini
463 598 699 640 Millesimo
729 597 1090 652 quingentesimo
1110 597 1328 652 vigesimo
1354 597 1528 652 quinto.
1563 598 1617 639 In
1640 598 1953 639 testimonium
1990 611 2005 637 5

257 671 390 712 huius
424 670 486 712 rei
518 674 726 711 nostrum
758 668 954 723 sigillum
987 673 1054 710 est
1088 668 1456 723 subimpressum.

1029 763 1093 816 (L.
1125 763 1185 817 s.)

320 858 542 903 (Originale.
566 857 785 892 Archivum
798 857 1014 892 comitatus
1023 857 1413 897 Beszterczenaszod,
1432 858 1672 892 Besztereze.
1686 857 1759 891 No.
1772 857 1873 902 820.)

1054 1008 1154 1050 100.

784 1119 918 1167 De'va,
946 1131 985 1160 Ι.
1013 1118 1260 1160 Decembris
1286 1130 1412 1171 1525.
1973 1143 2006 1168 10

403 1211 592 1260 Joannes
614 1209 838 1261 Szapolyai
861 1209 1046 1248 vaivoda
1069 1209 1264 1248 Ladislao
1282 1209 1448 1248 Szalkai
1470 1209 1795 1261 archiepiscopo,

407 1309 626 1350 Vaivodae
646 1309 901 1350 Moldavz‘ae
926 1309 1242 1364 Valaclu'aeque
1262 1308 1373 1350 inter
1391 1322 1434 1350 se
1452 1309 1676 1350 dissident.
1709 1308 1955 1350 Commora-

255 1381 316 1422 tz'o
359 1380 515 1422 viduae
555 1379 755 1435 filiaeque
796 1380 967 1434 Neagoe
1013 1379 1211 1421 Basarab
1253 1380 1457 1421 vaivodae
1494 1379 1728 1421 Valachiae
1768 1379 1801 1421 C
1808 1379 1952 1421 ibz'niz'.

255 1451 492 1506 Szapolyai
516 1451 720 1492 vaivodas
744 1455 900 1506 pacare
925 1451 1074 1492 studet.

404 1557 796 1598 Reverendissime
822 1556 1003 1598 domine
1033 1561 1077 1598 et
1094 1557 1244 1598 amice
1268 1557 1398 1598 nobis
1419 1556 1818 1598 honorandissime.
1846 1557 1954 1597 Post
1972 1569 2006 1594 15

258 1629 452 1670 salutem
480 1633 524 1669 et
554 1633 759 1669 nostram
787 1628 927 1682 ipsius
958 1628 1413 1669 commendationem.

409 1699 541 1754 Quod
573 1699 631 1740 ad
663 1699 1036 1740 Dominationem
1062 1700 1272 1740 Vestram
1302 1698 1744 1740 Reverendissimam
1777 1698 1956 1752 saepius

258 1770 511 1819 scribimus,
556 1784 694 1824 quam
749 1770 808 1811 ad
854 1770 1141 1811 Maiestatem
1192 1770 1416 1824 Regiam&
1460 1769 1694 1810 dominum
1750 1773 1956 1810 nostrum

258 1841 649 1896 gratiosissimum,
682 1841 918 1895 eidemque
953 1841 1134 1895 negotia
1161 1846 1316 1882 nostra
1339 1840 1545 1894 detegere
1568 1840 1776 1888 solemuS,
1802 1840 1957 1881 Domi-

255 1913 489 1954 nationem
532 1913 743 1953 Vestram
797 1912 1238 1954 Reverendissimam
1289 1925 1513 1966 rogamus,
1567 1911 1778 1965 dignetur
1828 1911 2007 1952 nobis-20

256 1984 497 2038 ignoscere,
552 1983 768 2038 quoniam
820 1997 900 2024 nos
952 1983 1036 2037 ipsi
1083 1983 1196 2024 bene
1244 1982 1536 2037 intelligimus
1586 1981 1958 2023 Dominationem

257 2055 468 2096 Vestram
516 2054 956 2096 Reverendissimam
1002 2054 1132 2094 nobis
1183 2067 1400 2108 magnum
1457 2066 1551 2094 esse
1605 2052 1832 2101 nuntium,
1880 2052 1959 2093 sed

257 2139 393 2167 causa
419 2130 500 2174 est,
526 2125 633 2180 quia
652 2125 817 2167 scimus
842 2139 897 2166 ex
924 2124 1107 2166 consilio
1129 2124 1380 2166 Maiestatis
1404 2124 1520 2166 Suae
1554 2124 1701 2165 multa
1734 2124 1779 2164 in
1812 2123 1958 2165 lucem

258 2196 481 2239 devenire.
515 2197 559 2238 Si
591 2196 729 2250 igitur
763 2200 807 2237 et
835 2196 946 2237 haec
977 2209 1158 2250 quoque
1188 2209 1270 2244 res,
1308 2195 1362 2236 de
1395 2195 1560 2249 quibus
1587 2209 1705 2236 nunc
1741 2194 1958 2235 Domina-

256 2267 371 2308 tioni
397 2268 585 2309 Vestrae
614 2266 1032 2309 Reverendissimae
1058 2266 1308 2315 scribimus,
1332 2265 1634 2307 communiter
1656 2265 1701 2306 in
1721 2265 1958 2306 consilium
1972 2279 2008 2304 ‘35

255 2338 554 2380 deduceretur
594 2343 638 2380 et
680 2338 742 2379 sic
784 2337 1104 2392 publicaretur,
1148 2341 1331 2392 possent
1378 2337 1524 2391 regnis
1558 2336 1809 2378 Maiestatis
1842 2336 1958 2378 Suae

257 2409 505 2463 periculum
549 2409 724 2457 afferre,
773 2409 986 2450 Maiestas
1030 2409 1185 2463 itaque
1242 2408 1333 2449 Sua
1378 2407 1680 2449 communicet
1727 2421 1829 2448 cum
1873 2406 1958 2448 illis

255 2479 371 2520 Suae
397 2480 648 2521 Maiestatis
675 2480 951 2529 consiliariis,
980 2479 1145 2534 quibus
1171 2479 1484 2520 Dominationi
1509 2479 1597 2520 Vrae
1622 2477 1957 2519 Reverendissi-

259 2564 359 2591 mae
399 2550 691 2592 videbuntur.

398 2621 523 2675 Quae
563 2626 608 2663 et
651 2622 805 2676 quales
847 2620 1144 2662 dissensiones
1188 2620 1306 2662 inter
1352 2620 1617 2661 Moldavum
1664 2624 1709 2660 et
1749 2618 2006 2660 Transal-sso

258 2691 491 2745 pinensem
520 2692 751 2734 waivodas
792 2696 898 2733 sunt
936 2696 1061 2733 ortae
1097 2696 1142 2733 et
1184 2691 1378 2746 qualiter
1413 2695 1570 2732 contra
1608 2704 1701 2731 sese
1731 2689 1956 2744 parabant

259 2762 521 2811 exercitum,
566 2763 872 2817 superioribus
901 2762 1060 2804 diebus
1103 2762 1334 2803 Maiestati
1367 2761 1482 2803 Suae
1509 2760 1786 2815 rescripsisse
1813 2773 1957 2801 recor-

261 2831 434 2873 damur.
464 2833 596 2874 Nunc
625 2838 793 2882 autem,
829 2838 963 2888 prout
1002 2833 1307 2887 intelligimus,
1343 2832 1529 2886 quidam
1555 2830 1788 2872 waivodae
1818 2830 1958 2871 filius2

261 2902 518 2944 elevaverat
566 2917 610 2944 se
650 2918 706 2945 ex
758 2903 989 2945 Moldavia
1034 2908 1079 2945 et
1125 2906 1470 2957 comparaverat
1512 2901 1641 2955 quasi
1692 2901 1782 2942 duo
1833 2901 1957 2942 milia

262 2972 511 3021 hominum,
565 2974 642 3027 qui
693 2988 796 3015 cum
847 2974 1199 3028 Transalpinum
1243 2978 1288 3016 et
1329 2972 1387 3014 ad
1426 2970 1630 3026 Barylla3
1678 2971 1956 3025 pervenisset
1973 2985 2009 3011 35

406 3101 419 3121 1
442 3102 670 3136 Ludovicus
693 3103 748 3137 II.
777 3104 1070 3148 (1516—1526.)
1108 3103 1122 3124 ²
1151 3103 1301 3136 Forsan
1320 3101 1525 3135 Vladislav
1554 3101 1630 3133 ΙΙΙ.
1657 3101 1952 3146 (1523—1525.)

269 3158 283 3179 ³
306 3157 449 3192 Braila.
473 3180 478 3184 .
