2209 3643
266 234 339 258 200
1029 219 1104 253 No.
1131 221 1201 253 160
1635 214 1711 268 [28.
1732 219 1836 254 Nov.
1861 229 1957 263 1529

267 355 323 396 de
350 353 568 408 Valaquia
591 366 621 406 y
644 351 699 392 de
721 351 777 391 M
779 350 950 391 oldavz'a
975 363 1005 403 y
1028 348 1083 390 de
1106 348 1442 390 Transsilvania
1464 348 1596 390 todos
1618 348 1783 390 harsan
1806 349 1849 390 lo
1872 362 1958 403 que

273 426 423 467 Vestra
443 424 499 464 M
501 422 670 477 agestad
692 420 881 475 quisiere
903 419 971 460 sin
993 418 1116 460 duda
1137 432 1145 468 ;
1170 418 1225 460 de
1246 432 1272 460 a
1293 418 1371 473 qui
1391 419 1537 473 puede
1562 419 1712 461 Vestra
1732 420 1789 461 M
1790 420 1958 474 agestad

268 509 294 537 a
320 495 386 536 los
411 494 579 535 Turcos
605 505 715 546 muy
740 490 884 545 grand
910 489 1078 531 damno
1104 490 1262 539 hacer;
1291 494 1376 531 etc.

410 564 479 605 Ex
501 562 692 611 Cibimo,
719 573 772 603 22
798 561 870 602 del
894 574 987 601 mes
1012 560 1187 602 Otubre
1213 570 1336 614 1529.

410 634 659 688 Episcopus
687 632 921 687 caeterique
947 631 1116 673 domini
1143 631 1363 672 coniuncti
1388 630 1421 672 C
1428 630 1725 672 ibiniensz'um.
1996 644 2012 670 5

406 725 633 771 (Originale.
649 725 937 764 Staatsarchiv,
957 725 1083 758 VVien.
1113 724 1355 769 Hungarica.
1378 724 1540 758 Edidit:
1569 724 1717 758 Archiv
1739 725 1808 759 des
1827 724 1958 759 Verei-

265 798 335 822 nes
364 787 427 820 1111
454 785 803 830 siebenbijrgische
832 785 1125 819 Landeskunde
1152 784 1230 817 vol.
1261 784 1320 817 28.
1349 794 1438 829 pag.
1468 783 1699 828 450—451.)

411 882 449 922 T
451 881 644 922 raductz'o
681 894 833 922 coaeva
871 879 1109 934 superioris
1147 879 1299 934 scripti
1336 878 1523 920 ibidem.-

405 983 456 1021 111
481 994 567 1033 quo
593 985 711 1020 statu
737 981 894 1020 fuerint
921 980 988 1019 hic
1013 980 1183 1031 negotia
1207 980 1446 1031 praeteritis
1472 980 1632 1025 diebus,
1659 980 1850 1019 misimus
1874 993 1961 1019 am-

265 1042 380 1094 plam
404 1039 467 1080 M‘i
504 1041 591 1079 Vm
614 1041 863 1079 relationem
898 1053 971 1091 per
996 1040 1143 1078 Vitum
1168 1040 1378 1078 Horvath.
1406 1040 1640 1091 Postquam
1676 1039 1815 1078 dictus
1839 1040 1963 1078 Vitus
1981 1047 2016 1074 10

265 1105 409 1140 autem
444 1100 541 1138 hinc
577 1100 780 1145 discessit,
817 1099 964 1138 statim
1000 1099 1173 1150 ingressi
1208 1103 1307 1137 sunt
1342 1099 1517 1137 Valachi
1552 1099 1603 1137 de
1638 1098 1853 1145 Valachia‚
1889 1099 1964 1150 qui

267 1161 549 1199 discurrentes
570 1172 644 1210 per
665 1163 808 1198 totum
829 1171 1018 1210 regnum,
1043 1159 1309 1197 combussere
1325 1158 1507 1209 plurima
1528 1157 1620 1197 loca
1638 1158 1855 1197 Saxonum
1877 1158 1965 1197 Vsae

265 1217 343 1258 Mtis
366 1219 649 1264 subditorum,
688 1222 729 1256 et
754 1231 852 1256 cum
884 1230 1039 1268 magna
1064 1217 1223 1268 praeda
1246 1217 1401 1256 reversi
1426 1221 1526 1255 sunt
1550 1217 1593 1255 in
1618 1217 1803 1268 patriam
1827 1229 1961 1262 suam,

264 1279 480 1329 ingentem
498 1278 566 1316 hic
585 1290 633 1316 ac
651 1277 746 1316 visu
765 1277 995 1316 terribilem
1015 1276 1177 1315 cladem
1195 1276 1305 1314 inter
1323 1289 1555 1327 pauperam
1574 1276 1740 1327 plebem
1758 1276 1962 1327 reliquen-

265 1342 341 1376 tes.
379 1337 589 1388 Quicquid
623 1342 767 1375 autem
801 1337 855 1375 ab
888 1335 1131 1375 huiusmodi
1164 1335 1459 1374 devastatione
1492 1335 1712 1386 superfuit,
1748 1335 1791 1374 id
1823 1339 1965 1374 totum
1983 1344 2017 1370 15

261 1396 471 1447 Johannis
486 1396 640 1435 milites
655 1395 1291 1447 combusserunt,exspoliarunt
1307 1398 1347 1433 et
1363 1394 1620 1439 occiderunt,
1632 1399 1673 1433 et
1683 1407 1797 1433 arces
1806 1395 1964 1433 habent

264 1457 306 1494 in
337 1469 482 1495 eorum
512 1460 740 1507 potestate,
769 1455 957 1506 exceptis
980 1454 1228 1493 civitatibus
1248 1454 1423 1498 Cihinio.
1440 1454 1667 1492 Brassovia
1689 1458 1731 1492 et
1751 1453 1964 1501 Zassebes,

265 1528 395 1566 quam
418 1515 587 1553 tamdiu
608 1515 864 1553 obsederunt
888 1518 930 1553 et
944 1513 1136 1565 quotidie
1159 1518 1409 1565 oppugnant
1433 1513 1630 1564 graviter,
1654 1518 1703 1551 ut
1726 1513 1962 1551 obtineant.

267 1575 360 1613 Hae
387 1574 585 1613 civitates
612 1586 697 1612 non
724 1578 902 1625 possunt
931 1573 1004 1612 diu
1032 1573 1178 1618 teneri,
1208 1586 1283 1611 nec
1311 1572 1561 1617 conservari,
1591 1572 1692 1623 quia
1718 1572 1823 1617 loca,
1852 1572 1965 1610 unde

264 1638 484 1672 comeatus
517 1634 575 1672 eis
607 1633 850 1678 veniebant,
885 1637 985 1671 sunt
1017 1632 1161 1670 omnia
1193 1632 1417 1670 combusta
1450 1636 1491 1670 et
1524 1631 1567 1670 in
1600 1644 1730 1670 manu
1763 1631 1963 1676 hostium,
1981 1640 2016 1666 20

267 1706 342 1731 nec
360 1705 445 1731 non
454 1697 495 1731 et
505 1705 650 1731 omnes
667 1693 762 1731 viae
778 1692 1004 1743 vigilanter
1021 1691 1260 1731 custoditae
1277 1691 1409 1736 ita,ut
1427 1703 1550 1729 nemo
1568 1703 1619 1729 ex
1636 1690 1791 1729 nostris
1809 1690 1966 1729 audeat

265 1752 306 1790 in
323 1765 496 1803 campos
511 1752 690 1803 prodire.
702 1752 838 1803 Quem
854 1752 965 1790 enim
982 1751 1320 1802 apprehendunt,
1331 1750 1464 1789 veluti
1480 1750 1679 1788 vecordes
1695 1754 1737 1788 et
1754 1749 1966 1800 rugientes

266 1811 550 1857 Mahometici,
572 1811 771 1862 pudenda
797 1815 837 1849 et
859 1811 1017 1849 crudeli
1042 1814 1178 1848 morte
1203 1810 1407 1848 afficiunt.
1436 1809 1590 1848 Fidelis
1615 1813 1759 1848 autem
1784 1808 1966 1860 populus

266 1868 345 1908 Μῑῑ5
376 1871 464 1909 Vffie
495 1875 537 1909 et
570 1883 647 1908 nos
679 1870 837 1922 pariter
870 1882 1016 1908 sumus
1047 1870 1320 1908 vehementer
1351 1868 1610 1907 consternati
1654 1872 1696 1906 et
1740 1867 1964 1919 desperati,

266 1942 361 1968 cum
381 1930 508 1968 toties
527 1930 762 1968 miserimus
780 1929 953 1968 nuntios
971 1933 1012 1967 et
1031 1932 1218 1968 oratores
1237 1931 1415 1973 nostros,
1436 1932 1477 1966 et
1495 1940 1629 1978 usque
1647 1927 1701 1966 ad
1719 1927 1967 1965 hodiernam
1981 1936 2018 1962 25

266 1988 377 2026 diem
398 1989 501 2027 nihil
521 1989 695 2028 omnino
715 2002 790 2027 nec
811 1989 1032 2027 minimam
1058 2001 1146 2026 rem
1166 1987 1338 2039 quidem
1371 2000 1395 2025 a
1416 1988 1487 2026 Mte
1516 1987 1585 2025 Vra
1604 1986 1936 2025 intellexerimus
1955 1998 1963 2031 ;

266 2048 395 2085 immo
433 2048 636 2099 quicquid
673 2048 794 2087 nobis
831 2048 1037 2099 scriptum
1075 2047 1156 2086 fuit
1194 2047 1452 2085 contrarium
1490 2050 1532 2084 et
1570 2046 1767 2085 differens
1803 2045 1967 2097 experti

267 2119 413 2145 sumus
438 2120 534 2146 cum
560 2108 747 2146 maxima
772 2107 898 2146 huius
922 2107 1037 2157 regni
1064 2111 1104 2145 et
1131 2112 1322 2145 nostrum
1343 2105 1605 2157 perditione.
1628 2138 1635 2144 .
1658 2137 1665 2144 .
1690 2105 1734 2144 Si
1758 2117 1858 2143 vero
1890 2101 1954 2142 Mti

268 2166 354 2204 vm
393 2166 637 2205 huiusmodi
690 2179 911 2205 succursus
963 2178 1088 2204 curae
1128 2165 1269 2210 fuerit,
1315 2177 1473 2209 omnes,
1527 2169 1752 2216 conspecto
1794 2163 1964 2208 auxilio,

268 2222 346 2263 Mtis
373 2225 459 2263 Vsae
486 2226 740 2264 reviviscent
780 2230 823 2264 et
863 2225 917 2264 ad
956 2225 1138 2276 gratiam
1177 2237 1298 2263 suam
1326 2225 1580 2263 reducentur
1619 2228 1709 2262 tam
1737 2222 1963 2267 Moldavia,
1985 2231 2020 2258 30

267 2296 398 2334 quam
422 2284 750 2330 Transsilvania,
778 2289 819 2323 et
844 2284 1015 2329 facient,
1041 2284 1244 2335 quicquid
1269 2284 1468 2322 Maiestas
1494 2283 1563 2321 Vsa
1599 2282 1780 2321 voluerit
1806 2282 1966 2332 absque

268 2343 410 2381 dubio.
438 2343 548 2382 Hinc
572 2344 728 2395 poterit
753 2345 823 2383 Vsa
842 2344 1041 2382 Maiestas
1065 2343 1200 2382 multa
1224 2343 1381 2381 damna
1403 2343 1553 2381 inferre
1577 2342 1746 2387 Turcis;
1777 2346 1854 2380 etc.

1066 2497 1164 2539 160.

718 2608 765 2648 N
766 2607 1006 2662 agyszeben,
1026 2608 1094 2649 28.
1113 2607 1367 2648 Novembris
1385 2619 1412 2648 Ι
1413 2618 1510 2660 529.

271 2694 470 2734 Nicolaus
490 2696 670 2735 Gerendi
702 2697 922 2749 episcopus
946 2698 1263 2748 Transylvanus
1298 2701 1340 2735 et
1376 2697 1475 2735 socii
1509 2696 1775 2735 Ferdinando
1808 2695 1840 2733 I.
1863 2694 1960 2745 regi.
1981 2715 2017 2741 35

420 2793 614 2836 Vaivoda
637 2795 693 2836 M
695 2795 889 2837 oldaviae
912 2795 1067 2836 iterum
1090 2795 1272 2844 invadit,
1299 2795 1460 2836 Brasso'
1483 2798 1520 2835 et
1544 2795 1779 2835 Besztercze
1801 2796 1965 2847 oppug-

271 2867 360 2910 nat,
395 2864 574 2905 vaivoda
613 2865 846 2907 Valaclziae
880 2880 972 2908 vero
1007 2879 1146 2907 arcem
1180 2866 1401 2907 To'rcsvdr.
1436 2864 1712 2906 Citissz'mum
1744 2862 1965 2904 auxilium

274 2932 519 2987 implorant.

417 3038 512 3079 Wir
543 3040 644 3081 sind
675 3041 776 3082 sehr
809 3041 854 3082 in
884 3041 1135 3083 Schrecken
1167 3041 1261 3082 und
1292 3039 1673 3093 VerWunderung,
1708 3038 1812 3080 dass
1845 3039 1965 3080 Euer

275 3107 485 3149 Maiestat
506 3111 623 3150 nach
643 3123 692 3151 so
711 3111 856 3152 vielen
877 3111 1137 3152 Gesandten
1158 3111 1252 3152 und
1272 3110 1451 3151 Briefen
1471 3122 1555 3150 uns
1576 3109 1619 3149 in
1640 3122 1689 3150 so
1709 3109 1965 3151 unsicherer
1979 3131 2016 3157 40

274 3176 509 3231 Hoffnun‘g
532 3179 644 3229 halt,
668 3181 865 3222 weshalb
889 3195 1048 3222 unsere
1069 3181 1241 3223 Sachen
1266 3181 1360 3222 hier
1381 3194 1496 3234 ganz
1518 3194 1575 3221 zu
1598 3179 1782 3221 Grunde
1805 3181 1961 3234 gehen.
