<?xml version="1.0" encoding="UTF-8"?>
<!DOCTYPE html PUBLIC "-//W3C//DTD XHTML 1.0 Transitional//EN"
    "http://www.w3.org/TR/xhtml1/DTD/xhtml1-transitional.dtd">
<html xmlns="http://www.w3.org/1999/xhtml" xml:lang="en" lang="en">
 <head>
  <title>
</title>
<meta http-equiv="Content-Type" content="text/html;charset=utf-8" />
  <meta name='ocr-system' content='tesseract 3.04.00' />
  <meta name='ocr-capabilities' content='ocr_page ocr_carea ocr_par ocr_line ocrx_word'/>
</head>
<body>
  <div class='ocr_page' id='page_1' title='image "actaetepistolaer01vereuoft_0244.png"; bbox 0 0 2209 3643; ppageno 0'>
   <div class='ocr_carea' id='block_1_1' title="bbox 281 197 1978 252">
    <p class='ocr_par' dir='ltr' id='par_1_1' title="bbox 281 197 1978 252">
     <span class='ocr_line' id='line_1_1' title="bbox 281 197 1978 252; baseline -0.001 -14"><span class='ocrx_word' id='word_1_1' title='bbox 281 215 354 238; x_wconf 89' lang='lat'>220</span> <span class='ocrx_word' id='word_1_2' title='bbox 985 201 1060 235; x_wconf 91' lang='lat' dir='ltr'>No.</span> <span class='ocrx_word' id='word_1_3' title='bbox 1086 202 1282 246; x_wconf 87' lang='lat'>179—180</span> <span class='ocrx_word' id='word_1_4' title='bbox 1665 197 1740 252; x_wconf 88' lang='lat'>[17.</span> <span class='ocrx_word' id='word_1_5' title='bbox 1763 203 1857 239; x_wconf 85' lang='lat' dir='ltr'>Dee.</span> <span class='ocrx_word' id='word_1_6' title='bbox 1882 213 1978 248; x_wconf 87' lang='lat'>1530</span> 
     </span>
    </p>
   </div>
   <div class='ocr_carea' id='block_1_2' title="bbox 1080 363 1178 404">
    <p class='ocr_par' dir='ltr' id='par_1_2' title="bbox 1080 363 1178 404">
     <span class='ocr_line' id='line_1_2' title="bbox 1080 363 1178 404; baseline 0 -1"><span class='ocrx_word' id='word_1_7' title='bbox 1080 363 1178 404; x_wconf 89' lang='grc'><strong>179.</strong></span> 
     </span>
    </p>
   </div>
   <div class='ocr_carea' id='block_1_3' title="bbox 747 471 1505 525">
    <p class='ocr_par' dir='ltr' id='par_1_3' title="bbox 747 471 1505 525">
     <span class='ocr_line' id='line_1_3' title="bbox 747 471 1505 525; baseline 0.001 -12"><span class='ocrx_word' id='word_1_8' title='bbox 747 471 979 520; x_wconf 76' lang='lat' dir='ltr'>Piotrko‘w,</span> <span class='ocrx_word' id='word_1_9' title='bbox 1008 483 1076 525; x_wconf 84' lang='lat'>17.</span> <span class='ocrx_word' id='word_1_10' title='bbox 1105 471 1352 514; x_wconf 80' lang='lat' dir='ltr'><em>Decembris</em></span> <span class='ocrx_word' id='word_1_11' title='bbox 1379 483 1505 525; x_wconf 80' lang='lat'><em>1530.</em></span> 
     </span>
    </p>
   </div>
   <div class='ocr_carea' id='block_1_4' title="bbox 280 561 1979 674">
    <p class='ocr_par' dir='ltr' id='par_1_4' title="bbox 280 561 1979 674">
     <span class='ocr_line' id='line_1_4' title="bbox 283 561 1979 613; baseline 0.001 -11"><span class='ocrx_word' id='word_1_12' title='bbox 283 565 431 602; x_wconf 86' lang='lat' dir='ltr'>Petrus</span> <span class='ocrx_word' id='word_1_13' title='bbox 473 562 675 607; x_wconf 88' lang='lat' dir='ltr'>Tomicki,</span> <span class='ocrx_word' id='word_1_14' title='bbox 720 562 941 613; x_wconf 86' lang='lat' dir='ltr'>episcopus</span> <span class='ocrx_word' id='word_1_15' title='bbox 982 561 1282 607; x_wconf 79' lang='lat' dir='ltr'>Cracoviensis,</span> <span class='ocrx_word' id='word_1_16' title='bbox 1325 562 1691 602; x_wconf 80' lang='lat' dir='ltr'>vicecancellarius</span> <span class='ocrx_word' id='word_1_17' title='bbox 1733 564 1871 603; x_wconf 82' lang='lat' dir='ltr'>Lucae</span> <span class='ocrx_word' id='word_1_18' title='bbox 1927 565 1979 604; x_wconf 87' lang='lat' dir='ltr'>de</span> 
     </span>
     <span class='ocr_line' id='line_1_5' title="bbox 280 620 1976 674; baseline 0.001 -13"><span class='ocrx_word' id='word_1_19' title='bbox 280 623 420 662; x_wconf 82' lang='lat' dir='ltr'>Gorka</span> <span class='ocrx_word' id='word_1_20' title='bbox 460 621 689 660; x_wconf 89' lang='lat' dir='ltr'>castellano</span> <span class='ocrx_word' id='word_1_21' title='bbox 730 620 1015 666; x_wconf 87' lang='lat' dir='ltr'>Posnaniensi,</span> <span class='ocrx_word' id='word_1_22' title='bbox 1064 620 1286 672; x_wconf 89' lang='lat' dir='ltr'>capitaneo</span> <span class='ocrx_word' id='word_1_23' title='bbox 1326 622 1494 660; x_wconf 88' lang='lat' dir='ltr'>Maioris</span> <span class='ocrx_word' id='word_1_24' title='bbox 1540 622 1738 661; x_wconf 88' lang='lat' dir='ltr'>Poloniae</span> <span class='ocrx_word' id='word_1_25' title='bbox 1782 623 1976 674; x_wconf 88' lang='lat' dir='ltr'>generali.</span> 
     </span>
    </p>
   </div>
   <div class='ocr_carea' id='block_1_5' title="bbox 426 719 2031 777">
    <p class='ocr_par' dir='ltr' id='par_1_5' title="bbox 426 719 2031 777">
     <span class='ocr_line' id='line_1_6' title="bbox 426 719 2031 777; baseline -0.001 -16"><span class='ocrx_word' id='word_1_26' title='bbox 426 720 644 761; x_wconf 78' lang='lat' dir='ltr'><em>Tractatio</em></span> <span class='ocrx_word' id='word_1_27' title='bbox 675 725 922 761; x_wconf 79' lang='lat' dir='ltr'>senatorum</span> <span class='ocrx_word' id='word_1_28' title='bbox 951 720 1001 761; x_wconf 77' lang='lat' dir='ltr'>de</span> <span class='ocrx_word' id='word_1_29' title='bbox 1033 719 1135 762; x_wconf 78' lang='lat' dir='ltr'>bello</span> <span class='ocrx_word' id='word_1_30' title='bbox 1166 721 1216 762; x_wconf 76' lang='lat' dir='ltr'>in</span> <span class='ocrx_word' id='word_1_31' title='bbox 1246 721 1302 762; x_wconf 87' lang='lat' dir='ltr'><em>M</em></span> <span class='ocrx_word' id='word_1_32' title='bbox 1305 721 1476 763; x_wconf 80' lang='lat' dir='ltr'>oldavos</span> <span class='ocrx_word' id='word_1_33' title='bbox 1507 722 1773 777; x_wconf 77' lang='lat' dir='ltr'>incipiendo.</span> <span class='ocrx_word' id='word_1_34' title='bbox 2014 734 2031 760; x_wconf 85' lang='lat'>5</span> 
     </span>
    </p>
   </div>
   <div class='ocr_carea' id='block_1_6' title="bbox 281 827 2029 1518">
    <p class='ocr_par' dir='ltr' id='par_1_6' title="bbox 281 827 2027 1448">
     <span class='ocr_line' id='line_1_7' title="bbox 425 827 1976 882; baseline 0.001 -14"><span class='ocrx_word' id='word_1_35' title='bbox 425 827 638 869; x_wconf 79' lang='lat' dir='ltr'>Maiestas</span> <span class='ocrx_word' id='word_1_36' title='bbox 680 827 822 882; x_wconf 90' lang='lat' dir='ltr'>Regia</span> <span class='ocrx_word' id='word_1_37' title='bbox 862 827 1138 882; x_wconf 83' lang='lat' dir='ltr'>exspectatis</span> <span class='ocrx_word' id='word_1_38' title='bbox 1178 840 1257 882; x_wconf 89' lang='lat' dir='ltr'>per</span> <span class='ocrx_word' id='word_1_39' title='bbox 1297 827 1470 882; x_wconf 77' lang='lat' dir='ltr'>aliquot</span> <span class='ocrx_word' id='word_1_40' title='bbox 1511 827 1605 869; x_wconf 92' lang='lat' dir='ltr'>dies</span> <span class='ocrx_word' id='word_1_41' title='bbox 1646 828 1892 870; x_wconf 90' lang='lat' dir='ltr'>consilariis</span> <span class='ocrx_word' id='word_1_42' title='bbox 1931 834 1976 871; x_wconf 90' lang='lat' dir='ltr'>et</span> 
     </span>
     <span class='ocr_line' id='line_1_8' title="bbox 281 896 1978 952; baseline 0.001 -13"><span class='ocrx_word' id='word_1_43' title='bbox 281 899 451 940; x_wconf 88' lang='lat' dir='ltr'>nuntiis</span> <span class='ocrx_word' id='word_1_44' title='bbox 475 898 754 947; x_wconf 89' lang='lat' dir='ltr'>terrestibus,</span> <span class='ocrx_word' id='word_1_45' title='bbox 795 897 873 952; x_wconf 89' lang='lat' dir='ltr'>qui</span> <span class='ocrx_word' id='word_1_46' title='bbox 909 898 968 939; x_wconf 91' lang='lat' dir='ltr'>ad</span> <span class='ocrx_word' id='word_1_47' title='bbox 992 896 1111 939; x_wconf 87' lang='lat' dir='ltr'>diem</span> <span class='ocrx_word' id='word_1_48' title='bbox 1137 902 1362 940; x_wconf 85' lang='lat' dir='ltr'>statutam</span> <span class='ocrx_word' id='word_1_49' title='bbox 1387 912 1479 940; x_wconf 92' lang='lat' dir='ltr'>non</span> <span class='ocrx_word' id='word_1_50' title='bbox 1502 903 1736 948; x_wconf 89' lang='lat' dir='ltr'>venerant,</span> <span class='ocrx_word' id='word_1_51' title='bbox 1762 899 1853 941; x_wconf 90' lang='lat' dir='ltr'>iam</span> <span class='ocrx_word' id='word_1_52' title='bbox 1878 904 1978 941; x_wconf 91' lang='lat' dir='ltr'>tan-</span> 
     </span>
     <span class='ocr_line' id='line_1_9' title="bbox 282 968 1978 1023; baseline 0 -11"><span class='ocrx_word' id='word_1_53' title='bbox 282 971 383 1012; x_wconf 91' lang='lat' dir='ltr'>dem</span> <span class='ocrx_word' id='word_1_54' title='bbox 405 973 682 1011; x_wconf 86' lang='lat' dir='ltr'>conventum</span> <span class='ocrx_word' id='word_1_55' title='bbox 703 973 770 1010; x_wconf 88' lang='lat' dir='ltr'>est</span> <span class='ocrx_word' id='word_1_56' title='bbox 792 968 1029 1023; x_wconf 89' lang='lat' dir='ltr'>auspicata</span> <span class='ocrx_word' id='word_1_57' title='bbox 1049 973 1094 1010; x_wconf 88' lang='lat' dir='ltr'>et</span> <span class='ocrx_word' id='word_1_58' title='bbox 1116 968 1308 1010; x_wconf 87' lang='lat' dir='ltr'>consulit</span> <span class='ocrx_word' id='word_1_59' title='bbox 1331 968 1386 1010; x_wconf 92' lang='lat' dir='ltr'>de</span> <span class='ocrx_word' id='word_1_60' title='bbox 1406 969 1723 1011; x_wconf 87' lang='lat' dir='ltr'>communibus</span> <span class='ocrx_word' id='word_1_61' title='bbox 1743 969 1978 1012; x_wconf 92' lang='lat' dir='ltr'>imminen-</span> 
     </span>
     <span class='ocr_line' id='line_1_10' title="bbox 281 1039 1978 1095; baseline 0.001 -13"><span class='ocrx_word' id='word_1_62' title='bbox 281 1041 403 1083; x_wconf 93' lang='lat' dir='ltr'>tibus</span> <span class='ocrx_word' id='word_1_63' title='bbox 439 1039 564 1095; x_wconf 89' lang='lat' dir='ltr'>regni</span> <span class='ocrx_word' id='word_1_64' title='bbox 600 1039 822 1095; x_wconf 88' lang='lat' dir='ltr'>periculis,</span> <span class='ocrx_word' id='word_1_65' title='bbox 862 1039 1059 1081; x_wconf 85' lang='lat' dir='ltr'>maxime</span> <span class='ocrx_word' id='word_1_66' title='bbox 1096 1044 1252 1081; x_wconf 89' lang='lat' dir='ltr'>tamen</span> <span class='ocrx_word' id='word_1_67' title='bbox 1289 1039 1483 1081; x_wconf 87' lang='lat' dir='ltr'>consulit</span> <span class='ocrx_word' id='word_1_68' title='bbox 1520 1040 1575 1081; x_wconf 93' lang='lat' dir='ltr'>de</span> <span class='ocrx_word' id='word_1_69' title='bbox 1611 1040 1897 1095; x_wconf 89' lang='lat' dir='ltr'>reprimenda</span> <span class='ocrx_word' id='word_1_70' title='bbox 1932 1045 1978 1083; x_wconf 87' lang='lat' dir='ltr'>et</span> 
     </span>
     <span class='ocr_line' id='line_1_11' title="bbox 281 1110 2027 1165; baseline -0.002 -12"><span class='ocrx_word' id='word_1_71' title='bbox 281 1111 555 1154; x_wconf 84' lang='lat' dir='ltr'>vindicanda</span> <span class='ocrx_word' id='word_1_72' title='bbox 580 1110 771 1152; x_wconf 88' lang='lat' dir='ltr'>audacia</span> <span class='ocrx_word' id='word_1_73' title='bbox 795 1110 1019 1152; x_wconf 86' lang='lat' dir='ltr'>vaivodae</span> <span class='ocrx_word' id='word_1_74' title='bbox 1044 1110 1313 1159; x_wconf 89' lang='lat' dir='ltr'>Moldaviae,</span> <span class='ocrx_word' id='word_1_75' title='bbox 1339 1110 1418 1165; x_wconf 91' lang='lat' dir='ltr'>qui</span> <span class='ocrx_word' id='word_1_76' title='bbox 1443 1114 1601 1152; x_wconf 86' lang='lat' dir='ltr'>contra</span> <span class='ocrx_word' id='word_1_77' title='bbox 1625 1111 1723 1152; x_wconf 89' lang='lat' dir='ltr'>iura</span> <span class='ocrx_word' id='word_1_78' title='bbox 1746 1110 1978 1153; x_wconf 78' lang='lat' dir='ltr'>foederum</span> <span class='ocrx_word' id='word_1_79' title='bbox 1993 1123 2027 1150; x_wconf 87' lang='lat'>10</span> 
     </span>
     <span class='ocr_line' id='line_1_12' title="bbox 282 1174 1976 1232; baseline 0 -8"><span class='ocrx_word' id='word_1_80' title='bbox 282 1181 578 1224; x_wconf 77' lang='lat' dir='ltr'>tumultuarie</span> <span class='ocrx_word' id='word_1_81' title='bbox 604 1195 724 1223; x_wconf 90' lang='lat' dir='ltr'>nunc</span> <span class='ocrx_word' id='word_1_82' title='bbox 751 1186 893 1222; x_wconf 90' lang='lat' dir='ltr'>terras</span> <span class='ocrx_word' id='word_1_83' title='bbox 931 1174 1013 1222; x_wconf 75' lang='lat' dir='ltr'>MtiS</span> <span class='ocrx_word' id='word_1_84' title='bbox 1047 1181 1165 1223; x_wconf 80' lang='lat' dir='ltr'>Suae</span> <span class='ocrx_word' id='word_1_85' title='bbox 1191 1181 1426 1230; x_wconf 88' lang='lat' dir='ltr'>invadens,</span> <span class='ocrx_word' id='word_1_86' title='bbox 1454 1181 1713 1222; x_wconf 89' lang='lat' dir='ltr'>districtum</span> <span class='ocrx_word' id='word_1_87' title='bbox 1740 1182 1976 1232; x_wconf 84' lang='lat' dir='ltr'>Pokuczie,</span> 
     </span>
     <span class='ocr_line' id='line_1_13' title="bbox 282 1251 1979 1308; baseline 0 -14"><span class='ocrx_word' id='word_1_88' title='bbox 282 1254 359 1308; x_wconf 93' lang='lat' dir='ltr'>qui</span> <span class='ocrx_word' id='word_1_89' title='bbox 379 1253 597 1294; x_wconf 88' lang='lat' dir='ltr'>ducentas</span> <span class='ocrx_word' id='word_1_90' title='bbox 617 1252 910 1307; x_wconf 82' lang='lat' dir='ltr'>septuaginta</span> <span class='ocrx_word' id='word_1_91' title='bbox 930 1251 1060 1294; x_wconf 88' lang='lat' dir='ltr'>villas</span> <span class='ocrx_word' id='word_1_92' title='bbox 1079 1257 1123 1293; x_wconf 92' lang='lat' dir='ltr'>et</span> <span class='ocrx_word' id='word_1_93' title='bbox 1145 1251 1384 1293; x_wconf 87' lang='lat' dir='ltr'>duodecim</span> <span class='ocrx_word' id='word_1_94' title='bbox 1404 1256 1484 1293; x_wconf 89' lang='lat' dir='ltr'>aut</span> <span class='ocrx_word' id='word_1_95' title='bbox 1505 1252 1641 1307; x_wconf 90' lang='lat' dir='ltr'>paulo</span> <span class='ocrx_word' id='word_1_96' title='bbox 1661 1252 1791 1307; x_wconf 88' lang='lat' dir='ltr'>plura</span> <span class='ocrx_word' id='word_1_97' title='bbox 1811 1252 1979 1308; x_wconf 90' lang='lat' dir='ltr'>oppida</span> 
     </span>
     <span class='ocr_line' id='line_1_14' title="bbox 282 1322 1978 1378; baseline 0 -13"><span class='ocrx_word' id='word_1_98' title='bbox 282 1324 326 1365; x_wconf 92' lang='lat' dir='ltr'>in</span> <span class='ocrx_word' id='word_1_99' title='bbox 350 1337 394 1365; x_wconf 93' lang='lat' dir='ltr'>se</span> <span class='ocrx_word' id='word_1_100' title='bbox 418 1323 635 1371; x_wconf 88' lang='lat' dir='ltr'>continet,</span> <span class='ocrx_word' id='word_1_101' title='bbox 661 1323 916 1378; x_wconf 87' lang='lat' dir='ltr'>occupavit,</span> <span class='ocrx_word' id='word_1_102' title='bbox 942 1322 1191 1364; x_wconf 86' lang='lat' dir='ltr'>Colomiam</span> <span class='ocrx_word' id='word_1_103' title='bbox 1215 1322 1333 1377; x_wconf 85' lang='lat' dir='ltr'>cepit</span> <span class='ocrx_word' id='word_1_104' title='bbox 1357 1326 1402 1364; x_wconf 83' lang='lat' dir='ltr'>et</span> <span class='ocrx_word' id='word_1_105' title='bbox 1426 1322 1514 1364; x_wconf 88' lang='lat' dir='ltr'>alia</span> <span class='ocrx_word' id='word_1_106' title='bbox 1537 1323 1722 1364; x_wconf 86' lang='lat' dir='ltr'>castella</span> <span class='ocrx_word' id='word_1_107' title='bbox 1744 1323 1790 1364; x_wconf 91' lang='lat' dir='ltr'>in</span> <span class='ocrx_word' id='word_1_108' title='bbox 1812 1323 1978 1365; x_wconf 87' lang='lat' dir='ltr'>finibus</span> 
     </span>
     <span class='ocr_line' id='line_1_15' title="bbox 281 1394 1196 1448; baseline -0.002 -12"><span class='ocrx_word' id='word_1_109' title='bbox 281 1395 501 1436; x_wconf 86' lang='lat' dir='ltr'>collocata</span> <span class='ocrx_word' id='word_1_110' title='bbox 531 1394 708 1435; x_wconf 88' lang='lat' dir='ltr'>obsidet</span> <span class='ocrx_word' id='word_1_111' title='bbox 739 1399 783 1435; x_wconf 92' lang='lat' dir='ltr'>et</span> <span class='ocrx_word' id='word_1_112' title='bbox 815 1398 1080 1448; x_wconf 85' lang='lat' dir='ltr'>oppugnat;</span> <span class='ocrx_word' id='word_1_113' title='bbox 1112 1398 1196 1435; x_wconf 83' lang='lat' dir='ltr'>ete.</span> 
     </span>
    </p>

    <p class='ocr_par' dir='ltr' id='par_1_7' title="bbox 426 1463 2029 1518">
     <span class='ocr_line' id='line_1_16' title="bbox 426 1463 2029 1518; baseline -0.002 -11"><span class='ocrx_word' id='word_1_114' title='bbox 426 1467 599 1507; x_wconf 88' lang='lat' dir='ltr'>Datum</span> <span class='ocrx_word' id='word_1_115' title='bbox 621 1465 919 1514; x_wconf 87' lang='lat' dir='ltr'>Piotrcoviae,</span> <span class='ocrx_word' id='word_1_116' title='bbox 951 1477 1015 1518; x_wconf 86' lang='lat'>17.</span> <span class='ocrx_word' id='word_1_117' title='bbox 1046 1464 1307 1506; x_wconf 88' lang='lat' dir='ltr'>Decembris</span> <span class='ocrx_word' id='word_1_118' title='bbox 1333 1477 1452 1505; x_wconf 89' lang='lat' dir='ltr'>anno</span> <span class='ocrx_word' id='word_1_119' title='bbox 1474 1477 1500 1505; x_wconf 94' lang='lat' dir='ltr'>a</span> <span class='ocrx_word' id='word_1_120' title='bbox 1521 1463 1697 1506; x_wconf 89' lang='lat' dir='ltr'>Christo</span> <span class='ocrx_word' id='word_1_121' title='bbox 1717 1468 1827 1506; x_wconf 88' lang='lat' dir='ltr'>nato</span> <span class='ocrx_word' id='word_1_122' title='bbox 1850 1475 1974 1518; x_wconf 83' lang='lat'>1530.</span> <span class='ocrx_word' id='word_1_123' title='bbox 1992 1476 2029 1503; x_wconf 89' lang='lat'>15</span> 
     </span>
    </p>
   </div>
   <div class='ocr_carea' id='block_1_7' title="bbox 694 1558 1560 1603">
    <p class='ocr_par' dir='ltr' id='par_1_8' title="bbox 694 1558 1560 1603">
     <span class='ocr_line' id='line_1_17' title="bbox 694 1558 1560 1603; baseline -0.002 -10"><span class='ocrx_word' id='word_1_124' title='bbox 694 1560 811 1603; x_wconf 80' lang='lat' dir='ltr'>(Aeta</span> <span class='ocrx_word' id='word_1_125' title='bbox 839 1559 1071 1593; x_wconf 85' lang='lat' dir='ltr'>Tomiciana</span> <span class='ocrx_word' id='word_1_126' title='bbox 1101 1558 1178 1592; x_wconf 85' lang='lat' dir='ltr'>vol.</span> <span class='ocrx_word' id='word_1_127' title='bbox 1211 1559 1307 1592; x_wconf 85' lang='lat' dir='ltr'><strong>XII.</strong></span> <span class='ocrx_word' id='word_1_128' title='bbox 1339 1569 1427 1603; x_wconf 87' lang='lat' dir='ltr'>pag.</span> <span class='ocrx_word' id='word_1_129' title='bbox 1460 1558 1560 1602; x_wconf 83' lang='lat'>385.)</span> 
     </span>
    </p>
   </div>
   <div class='ocr_carea' id='block_1_8' title="bbox 1081 1697 1178 1739">
    <p class='ocr_par' dir='ltr' id='par_1_9' title="bbox 1081 1697 1178 1739">
     <span class='ocr_line' id='line_1_18' title="bbox 1081 1697 1178 1739; baseline 0 0"><span class='ocrx_word' id='word_1_130' title='bbox 1081 1697 1178 1739; x_wconf 85' lang='lat'>180.</span> 
     </span>
    </p>
   </div>
   <div class='ocr_carea' id='block_1_9' title="bbox 752 1808 1510 1862">
    <p class='ocr_par' dir='ltr' id='par_1_10' title="bbox 752 1808 1510 1862">
     <span class='ocr_line' id='line_1_19' title="bbox 752 1808 1510 1862; baseline 0 -12"><span class='ocrx_word' id='word_1_131' title='bbox 752 1809 984 1857; x_wconf 79' lang='lat' dir='ltr'>Piotrko&#39;w‚</span> <span class='ocrx_word' id='word_1_132' title='bbox 1013 1821 1081 1862; x_wconf 84' lang='lat'>19.</span> <span class='ocrx_word' id='word_1_133' title='bbox 1111 1808 1357 1850; x_wconf 78' lang='lat' dir='ltr'>Decembris</span> <span class='ocrx_word' id='word_1_134' title='bbox 1384 1820 1510 1861; x_wconf 81' lang='lat'><em>1530.</em></span> 
     </span>
    </p>
   </div>
   <div class='ocr_carea' id='block_1_10' title="bbox 333 1899 1919 1951">
    <p class='ocr_par' dir='ltr' id='par_1_11' title="bbox 333 1899 1919 1951">
     <span class='ocr_line' id='line_1_20' title="bbox 333 1899 1919 1951; baseline 0 -13"><span class='ocrx_word' id='word_1_135' title='bbox 333 1901 519 1950; x_wconf 84' lang='lat' dir='ltr'>Joannes</span> <span class='ocrx_word' id='word_1_136' title='bbox 561 1899 804 1939; x_wconf 84' lang='lat' dir='ltr'>Tarnowski</span> <span class='ocrx_word' id='word_1_137' title='bbox 845 1899 1059 1951; x_wconf 87' lang='lat' dir='ltr'>palatinus</span> <span class='ocrx_word' id='word_1_138' title='bbox 1101 1899 1277 1938; x_wconf 88' lang='lat' dir='ltr'>Russiae</span> <span class='ocrx_word' id='word_1_139' title='bbox 1318 1899 1462 1938; x_wconf 88' lang='lat' dir='ltr'>Bonae</span> <span class='ocrx_word' id='word_1_140' title='bbox 1503 1899 1668 1950; x_wconf 90' lang='lat' dir='ltr'>reginae</span> <span class='ocrx_word' id='word_1_141' title='bbox 1710 1899 1919 1938; x_wconf 88' lang='lat' dir='ltr'>Poloniae.</span> 
     </span>
    </p>
   </div>
   <div class='ocr_carea' id='block_1_11' title="bbox 283 1998 2025 2111">
    <p class='ocr_par' dir='ltr' id='par_1_12' title="bbox 283 1998 2025 2111">
     <span class='ocr_line' id='line_1_21' title="bbox 424 1998 2025 2054; baseline -0.001 -14"><span class='ocrx_word' id='word_1_142' title='bbox 424 1999 558 2053; x_wconf 81' lang='lat' dir='ltr'>Rogat</span> <span class='ocrx_word' id='word_1_143' title='bbox 581 2000 788 2054; x_wconf 75' lang='lat' dir='ltr'>reginam,</span> <span class='ocrx_word' id='word_1_144' title='bbox 817 2004 863 2041; x_wconf 77' lang='lat' dir='ltr'>ut</span> <span class='ocrx_word' id='word_1_145' title='bbox 886 2003 963 2054; x_wconf 69' lang='lat' dir='ltr'>pro</span> <span class='ocrx_word' id='word_1_146' title='bbox 988 1999 1145 2040; x_wconf 79' lang='lat' dir='ltr'>honore</span> <span class='ocrx_word' id='word_1_147' title='bbox 1170 1998 1288 2053; x_wconf 79' lang='lat' dir='ltr'>regni</span> <span class='ocrx_word' id='word_1_148' title='bbox 1312 1998 1556 2039; x_wconf 69' lang='lat' dir='ltr'>adhortetur</span> <span class='ocrx_word' id='word_1_149' title='bbox 1585 2012 1720 2053; x_wconf 81' lang='lat' dir='ltr'>regem</span> <span class='ocrx_word' id='word_1_150' title='bbox 1754 1998 1811 2039; x_wconf 81' lang='lat' dir='ltr'>ad</span> <span class='ocrx_word' id='word_1_151' title='bbox 1846 1998 1976 2039; x_wconf 83' lang='lat' dir='ltr'>ulcis-</span> <span class='ocrx_word' id='word_1_152' title='bbox 1988 2020 2025 2046; x_wconf 80' lang='lat'>20</span> 
     </span>
     <span class='ocr_line' id='line_1_22' title="bbox 283 2070 1026 2111; baseline 0.001 -1"><span class='ocrx_word' id='word_1_153' title='bbox 283 2070 463 2111; x_wconf 77' lang='lat' dir='ltr'>cendum</span> <span class='ocrx_word' id='word_1_154' title='bbox 499 2070 725 2111; x_wconf 75' lang='lat' dir='ltr'>vaivodarrt</span> <span class='ocrx_word' id='word_1_155' title='bbox 761 2070 1026 2111; x_wconf 78' lang='lat' dir='ltr'>Moldavz‘ae.</span> 
     </span>
    </p>
   </div>
   <div class='ocr_carea' id='block_1_12' title="bbox 284 2174 2025 3216">
    <p class='ocr_par' dir='ltr' id='par_1_13' title="bbox 284 2174 2025 3216">
     <span class='ocr_line' id='line_1_23' title="bbox 427 2174 1974 2223; baseline 0 -7"><span class='ocrx_word' id='word_1_156' title='bbox 427 2176 495 2216; x_wconf 93' lang='lat' dir='ltr'>De</span> <span class='ocrx_word' id='word_1_157' title='bbox 528 2175 777 2217; x_wconf 90' lang='lat' dir='ltr'>resistendo</span> <span class='ocrx_word' id='word_1_158' title='bbox 810 2175 1034 2218; x_wconf 85' lang='lat' dir='ltr'>voivodae</span> <span class='ocrx_word' id='word_1_159' title='bbox 1068 2175 1323 2217; x_wconf 86' lang='lat' dir='ltr'>Moldaviae</span> <span class='ocrx_word' id='word_1_160' title='bbox 1356 2175 1480 2216; x_wconf 87' lang='lat' dir='ltr'>nulla</span> <span class='ocrx_word' id='word_1_161' title='bbox 1514 2175 1661 2216; x_wconf 90' lang='lat' dir='ltr'>adhuc</span> <span class='ocrx_word' id='word_1_162' title='bbox 1696 2174 1974 2223; x_wconf 90' lang='lat' dir='ltr'>deliberatio,</span> 
     </span>
     <span class='ocr_line' id='line_1_24' title="bbox 285 2245 1976 2299; baseline 0.001 -13"><span class='ocrx_word' id='word_1_163' title='bbox 285 2259 374 2299; x_wconf 95' lang='lat' dir='ltr'>quo</span> <span class='ocrx_word' id='word_1_164' title='bbox 407 2246 542 2288; x_wconf 90' lang='lat' dir='ltr'>modo</span> <span class='ocrx_word' id='word_1_165' title='bbox 575 2251 620 2288; x_wconf 90' lang='lat' dir='ltr'>et</span> <span class='ocrx_word' id='word_1_166' title='bbox 655 2247 810 2288; x_wconf 90' lang='lat' dir='ltr'>ordine</span> <span class='ocrx_word' id='word_1_167' title='bbox 843 2246 882 2288; x_wconf 92' lang='lat' dir='ltr'>ei</span> <span class='ocrx_word' id='word_1_168' title='bbox 915 2246 1061 2288; x_wconf 84' lang='lat' dir='ltr'>resisti</span> <span class='ocrx_word' id='word_1_169' title='bbox 1094 2245 1313 2287; x_wconf 88' lang='lat' dir='ltr'>debetur:</span> <span class='ocrx_word' id='word_1_170' title='bbox 1350 2245 1386 2286; x_wconf 93' lang='lat' dir='ltr'>si</span> <span class='ocrx_word' id='word_1_171' title='bbox 1419 2245 1561 2287; x_wconf 90' lang='lat' dir='ltr'>milite</span> <span class='ocrx_word' id='word_1_172' title='bbox 1594 2245 1882 2294; x_wconf 89' lang='lat' dir='ltr'>mercenario,</span> <span class='ocrx_word' id='word_1_173' title='bbox 1918 2258 1976 2286; x_wconf 89' lang='lat' dir='ltr'>an</span> 
     </span>
     <span class='ocr_line' id='line_1_25' title="bbox 285 2316 1976 2372; baseline 0.001 -16"><span class='ocrx_word' id='word_1_174' title='bbox 285 2317 512 2358; x_wconf 86' lang='lat' dir='ltr'>communi</span> <span class='ocrx_word' id='word_1_175' title='bbox 549 2316 866 2372; x_wconf 85' lang='lat' dir='ltr'>expeditione;</span> <span class='ocrx_word' id='word_1_176' title='bbox 907 2330 1020 2372; x_wconf 92' lang='lat' dir='ltr'>opus</span> <span class='ocrx_word' id='word_1_177' title='bbox 1057 2321 1212 2358; x_wconf 89' lang='lat' dir='ltr'>tamen</span> <span class='ocrx_word' id='word_1_178' title='bbox 1249 2316 1333 2358; x_wconf 89' lang='lat' dir='ltr'>erit</span> <span class='ocrx_word' id='word_1_179' title='bbox 1371 2316 1530 2357; x_wconf 90' lang='lat' dir='ltr'>maiori</span> <span class='ocrx_word' id='word_1_180' title='bbox 1567 2316 1713 2358; x_wconf 89' lang='lat' dir='ltr'>multo</span> <span class='ocrx_word' id='word_1_181' title='bbox 1750 2320 1976 2371; x_wconf 89' lang='lat' dir='ltr'>apparatu</span> 
     </span>
     <span class='ocr_line' id='line_1_26' title="bbox 284 2386 2025 2443; baseline -0.001 -16"><span class='ocrx_word' id='word_1_182' title='bbox 284 2400 560 2442; x_wconf 87' lang='lat' dir='ltr'>numeroque</span> <span class='ocrx_word' id='word_1_183' title='bbox 585 2388 796 2436; x_wconf 89' lang='lat' dir='ltr'>militum,</span> <span class='ocrx_word' id='word_1_184' title='bbox 824 2402 962 2443; x_wconf 91' lang='lat' dir='ltr'>quam</span> <span class='ocrx_word' id='word_1_185' title='bbox 988 2401 1166 2429; x_wconf 86' lang='lat' dir='ltr'>servare</span> <span class='ocrx_word' id='word_1_186' title='bbox 1191 2387 1311 2428; x_wconf 89' lang='lat' dir='ltr'>soliti</span> <span class='ocrx_word' id='word_1_187' title='bbox 1336 2400 1504 2428; x_wconf 89' lang='lat' dir='ltr'>sumus.</span> <span class='ocrx_word' id='word_1_188' title='bbox 1533 2386 1655 2428; x_wconf 91' lang='lat' dir='ltr'>Nihil</span> <span class='ocrx_word' id='word_1_189' title='bbox 1680 2391 1835 2429; x_wconf 87' lang='lat' dir='ltr'>tamen</span> <span class='ocrx_word' id='word_1_190' title='bbox 1859 2391 1975 2428; x_wconf 89' lang='lat' dir='ltr'>esset</span> <span class='ocrx_word' id='word_1_191' title='bbox 1991 2398 2025 2425; x_wconf 82' lang='lat'>25</span> 
     </span>
     <span class='ocr_line' id='line_1_27' title="bbox 285 2457 1976 2513; baseline 0 -15"><span class='ocrx_word' id='word_1_192' title='bbox 285 2470 364 2498; x_wconf 84' lang='lat' dir='ltr'>nec</span> <span class='ocrx_word' id='word_1_193' title='bbox 392 2457 586 2507; x_wconf 80' lang='lat' dir='ltr'>difficile,</span> <span class='ocrx_word' id='word_1_194' title='bbox 616 2472 696 2500; x_wconf 89' lang='lat' dir='ltr'>nec</span> <span class='ocrx_word' id='word_1_195' title='bbox 724 2458 1012 2513; x_wconf 89' lang='lat' dir='ltr'>impossibile,</span> <span class='ocrx_word' id='word_1_196' title='bbox 1042 2458 1120 2499; x_wconf 89' lang='lat' dir='ltr'>ubi</span> <span class='ocrx_word' id='word_1_197' title='bbox 1147 2458 1364 2499; x_wconf 89' lang='lat' dir='ltr'>vellemus</span> <span class='ocrx_word' id='word_1_198' title='bbox 1392 2457 1450 2499; x_wconf 94' lang='lat' dir='ltr'>ob</span> <span class='ocrx_word' id='word_1_199' title='bbox 1477 2470 1677 2499; x_wconf 90' lang='lat' dir='ltr'>amorem</span> <span class='ocrx_word' id='word_1_200' title='bbox 1704 2457 1976 2512; x_wconf 88' lang='lat' dir='ltr'>reipublicae</span> 
     </span>
     <span class='ocr_line' id='line_1_28' title="bbox 285 2519 1975 2584; baseline 0 -16"><span class='ocrx_word' id='word_1_201' title='bbox 285 2527 330 2568; x_wconf 92' lang='lat' dir='ltr'>in</span> <span class='ocrx_word' id='word_1_202' title='bbox 351 2541 588 2569; x_wconf 92' lang='lat' dir='ltr'>commune</span> <span class='ocrx_word' id='word_1_203' title='bbox 609 2529 890 2571; x_wconf 88' lang='lat' dir='ltr'>concorditer</span> <span class='ocrx_word' id='word_1_204' title='bbox 910 2529 1152 2570; x_wconf 90' lang='lat' dir='ltr'>consulere.</span> <span class='ocrx_word' id='word_1_205' title='bbox 1172 2528 1260 2570; x_wconf 84' lang='lat' dir='ltr'>Sed</span> <span class='ocrx_word' id='word_1_206' title='bbox 1280 2528 1368 2569; x_wconf 88' lang='lat' dir='ltr'>ista</span> <span class='ocrx_word' id='word_1_207' title='bbox 1388 2519 1512 2584; x_wconf 85' lang='lat' dir='ltr'>vulgi</span> <span class='ocrx_word' id='word_1_208' title='bbox 1531 2527 1713 2569; x_wconf 88' lang='lat' dir='ltr'>licentia</span> <span class='ocrx_word' id='word_1_209' title='bbox 1733 2532 1777 2569; x_wconf 93' lang='lat' dir='ltr'>et</span> <span class='ocrx_word' id='word_1_210' title='bbox 1798 2527 1975 2569; x_wconf 89' lang='lat' dir='ltr'>temeri-</span> 
     </span>
     <span class='ocr_line' id='line_1_29' title="bbox 286 2598 1972 2654; baseline 0 -15"><span class='ocrx_word' id='word_1_211' title='bbox 286 2602 371 2646; x_wconf 91' lang='lat' dir='ltr'>tas,</span> <span class='ocrx_word' id='word_1_212' title='bbox 404 2612 519 2652; x_wconf 90' lang='lat' dir='ltr'>quae</span> <span class='ocrx_word' id='word_1_213' title='bbox 550 2599 661 2640; x_wconf 88' lang='lat' dir='ltr'>nihil</span> <span class='ocrx_word' id='word_1_214' title='bbox 691 2600 797 2641; x_wconf 90' lang='lat' dir='ltr'>sinit</span> <span class='ocrx_word' id='word_1_215' title='bbox 829 2613 910 2654; x_wconf 90' lang='lat' dir='ltr'>pro</span> <span class='ocrx_word' id='word_1_216' title='bbox 941 2599 1060 2641; x_wconf 94' lang='lat' dir='ltr'>bono</span> <span class='ocrx_word' id='word_1_217' title='bbox 1092 2599 1334 2647; x_wconf 89' lang='lat' dir='ltr'>communi,</span> <span class='ocrx_word' id='word_1_218' title='bbox 1367 2598 1452 2639; x_wconf 90' lang='lat' dir='ltr'>nisi</span> <span class='ocrx_word' id='word_1_219' title='bbox 1482 2613 1538 2640; x_wconf 86' lang='lat' dir='ltr'>ex</span> <span class='ocrx_word' id='word_1_220' title='bbox 1568 2598 1846 2653; x_wconf 88' lang='lat' dir='ltr'>praescripto</span> <span class='ocrx_word' id='word_1_221' title='bbox 1877 2611 1972 2646; x_wconf 93' lang='lat' dir='ltr'>suo,</span> 
     </span>
     <span class='ocr_line' id='line_1_30' title="bbox 287 2668 1971 2724; baseline 0 -15"><span class='ocrx_word' id='word_1_222' title='bbox 287 2668 536 2723; x_wconf 85' lang='lat' dir='ltr'>quidquam</span> <span class='ocrx_word' id='word_1_223' title='bbox 579 2670 766 2718; x_wconf 81' lang='lat' dir='ltr'>efficere,</span> <span class='ocrx_word' id='word_1_224' title='bbox 812 2671 977 2719; x_wconf 82' lang='lat' dir='ltr'>forsan,</span> <span class='ocrx_word' id='word_1_225' title='bbox 1022 2674 1073 2712; x_wconf 90' lang='lat' dir='ltr'>ut</span> <span class='ocrx_word' id='word_1_226' title='bbox 1117 2683 1293 2724; x_wconf 87' lang='lat' dir='ltr'>semper</span> <span class='ocrx_word' id='word_1_227' title='bbox 1334 2669 1461 2718; x_wconf 88' lang='lat' dir='ltr'>solet,</span> <span class='ocrx_word' id='word_1_228' title='bbox 1506 2668 1589 2710; x_wconf 90' lang='lat' dir='ltr'>erit</span> <span class='ocrx_word' id='word_1_229' title='bbox 1632 2668 1971 2723; x_wconf 90' lang='lat' dir='ltr'>impedimento.</span> 
     </span>
     <span class='ocr_line' id='line_1_31' title="bbox 287 2738 2024 2795; baseline -0.001 -16"><span class='ocrx_word' id='word_1_230' title='bbox 287 2738 454 2780; x_wconf 89' lang='lat' dir='ltr'>Oblata</span> <span class='ocrx_word' id='word_1_231' title='bbox 481 2753 677 2795; x_wconf 91' lang='lat' dir='ltr'>namque</span> <span class='ocrx_word' id='word_1_232' title='bbox 705 2745 771 2782; x_wconf 91' lang='lat' dir='ltr'>est</span> <span class='ocrx_word' id='word_1_233' title='bbox 801 2741 997 2782; x_wconf 91' lang='lat' dir='ltr'>occassio</span> <span class='ocrx_word' id='word_1_234' title='bbox 1025 2745 1184 2782; x_wconf 87' lang='lat' dir='ltr'>contra</span> <span class='ocrx_word' id='word_1_235' title='bbox 1211 2739 1350 2781; x_wconf 89' lang='lat' dir='ltr'>talem</span> <span class='ocrx_word' id='word_1_236' title='bbox 1377 2740 1554 2781; x_wconf 89' lang='lat' dir='ltr'>hostem</span> <span class='ocrx_word' id='word_1_237' title='bbox 1582 2738 1828 2793; x_wconf 91' lang='lat' dir='ltr'>pugnandi,</span> <span class='ocrx_word' id='word_1_238' title='bbox 1858 2753 1975 2793; x_wconf 87' lang='lat' dir='ltr'>quae</span> <span class='ocrx_word' id='word_1_239' title='bbox 1989 2752 2024 2777; x_wconf 84' lang='lat'>30</span> 
     </span>
     <span class='ocr_line' id='line_1_32' title="bbox 288 2802 1975 2866; baseline 0.001 -17"><span class='ocrx_word' id='word_1_240' title='bbox 288 2808 442 2850; x_wconf 82' lang='lat' dir='ltr'>divino</span> <span class='ocrx_word' id='word_1_241' title='bbox 479 2811 660 2852; x_wconf 91' lang='lat' dir='ltr'>nomine</span> <span class='ocrx_word' id='word_1_242' title='bbox 698 2811 940 2866; x_wconf 90' lang='lat' dir='ltr'>implorato</span> <span class='ocrx_word' id='word_1_243' title='bbox 978 2811 1159 2852; x_wconf 90' lang='lat' dir='ltr'>initium</span> <span class='ocrx_word' id='word_1_244' title='bbox 1208 2810 1332 2864; x_wconf 88' lang='lat' dir='ltr'>regni</span> <span class='ocrx_word' id='word_1_245' title='bbox 1382 2810 1480 2852; x_wconf 87' lang='lat' dir='ltr'>nati</span> <span class='ocrx_word' id='word_1_246' title='bbox 1529 2809 1618 2850; x_wconf 75' lang='lat' dir='ltr'>Vrae</span> <span class='ocrx_word' id='word_1_247' title='bbox 1656 2802 1736 2849; x_wconf 78' lang='lat' dir='ltr'>Mtis</span> <span class='ocrx_word' id='word_1_248' title='bbox 1786 2809 1975 2851; x_wconf 83' lang='lat' dir='ltr'>feliciter</span> 
     </span>
     <span class='ocr_line' id='line_1_33' title="bbox 288 2879 1970 2935; baseline 0.002 -17"><span class='ocrx_word' id='word_1_249' title='bbox 288 2883 429 2931; x_wconf 80' lang='lat' dir='ltr'>posslt</span> <span class='ocrx_word' id='word_1_250' title='bbox 470 2880 705 2935; x_wconf 89' lang='lat' dir='ltr'>auspicari,</span> <span class='ocrx_word' id='word_1_251' title='bbox 747 2895 850 2923; x_wconf 88' lang='lat' dir='ltr'>cum</span> <span class='ocrx_word' id='word_1_252' title='bbox 909 2882 1122 2935; x_wconf 78' lang='lat' dir='ltr'>famaque</span> <span class='ocrx_word' id='word_1_253' title='bbox 1173 2885 1217 2922; x_wconf 86' lang='lat' dir='ltr'>et</span> <span class='ocrx_word' id='word_1_254' title='bbox 1270 2880 1437 2921; x_wconf 91' lang='lat' dir='ltr'>honore</span> <span class='ocrx_word' id='word_1_255' title='bbox 1489 2880 1623 2921; x_wconf 57' lang='lat' dir='ltr'>mem</span> <span class='ocrx_word' id='word_1_256' title='bbox 1664 2879 1970 2921; x_wconf 88' lang='lat' dir='ltr'>Maiestatum.</span> 
     </span>
     <span class='ocr_line' id='line_1_34' title="bbox 290 2949 1974 3006; baseline 0.001 -17"><span class='ocrx_word' id='word_1_257' title='bbox 290 2950 377 2989; x_wconf 87' lang='lat' dir='ltr'>Res</span> <span class='ocrx_word' id='word_1_258' title='bbox 406 2949 588 2991; x_wconf 91' lang='lat' dir='ltr'>domino</span> <span class='ocrx_word' id='word_1_259' title='bbox 617 2951 712 2992; x_wconf 94' lang='lat' dir='ltr'>Deo</span> <span class='ocrx_word' id='word_1_260' title='bbox 740 2951 879 2992; x_wconf 91' lang='lat' dir='ltr'>dante</span> <span class='ocrx_word' id='word_1_261' title='bbox 907 2965 1117 3006; x_wconf 89' lang='lat' dir='ltr'>prospere</span> <span class='ocrx_word' id='word_1_262' title='bbox 1145 2950 1218 3005; x_wconf 87' lang='lat' dir='ltr'>agi</span> <span class='ocrx_word' id='word_1_263' title='bbox 1245 2949 1401 3004; x_wconf 87' lang='lat' dir='ltr'>possit,</span> <span class='ocrx_word' id='word_1_264' title='bbox 1431 2950 1499 2991; x_wconf 93' lang='lat' dir='ltr'>sin</span> <span class='ocrx_word' id='word_1_265' title='bbox 1527 2953 1681 2990; x_wconf 89' lang='lat' dir='ltr'>autem</span> <span class='ocrx_word' id='word_1_266' title='bbox 1710 2949 1803 3004; x_wconf 92' lang='lat' dir='ltr'>ipse</span> <span class='ocrx_word' id='word_1_267' title='bbox 1831 2950 1974 2991; x_wconf 88' lang='lat' dir='ltr'>hostis</span> 
     </span>
     <span class='ocr_line' id='line_1_35' title="bbox 288 3019 1974 3075; baseline 0.002 -16"><span class='ocrx_word' id='word_1_268' title='bbox 288 3019 549 3073; x_wconf 78' lang='lat' dir='ltr'>negligetur,</span> <span class='ocrx_word' id='word_1_269' title='bbox 577 3021 778 3062; x_wconf 90' lang='lat' dir='ltr'>omnium</span> <span class='ocrx_word' id='word_1_270' title='bbox 803 3022 1003 3063; x_wconf 86' lang='lat' dir='ltr'>hostium</span> <span class='ocrx_word' id='word_1_271' title='bbox 1029 3025 1227 3063; x_wconf 88' lang='lat' dir='ltr'>crescent</span> <span class='ocrx_word' id='word_1_272' title='bbox 1253 3020 1391 3062; x_wconf 91' lang='lat' dir='ltr'>animi</span> <span class='ocrx_word' id='word_1_273' title='bbox 1416 3024 1574 3062; x_wconf 85' lang='lat' dir='ltr'>contra</span> <span class='ocrx_word' id='word_1_274' title='bbox 1598 3032 1692 3067; x_wconf 92' lang='lat' dir='ltr'>nos,</span> <span class='ocrx_word' id='word_1_275' title='bbox 1719 3019 1974 3075; x_wconf 89' lang='lat' dir='ltr'>erimusque</span> 
     </span>
     <span class='ocr_line' id='line_1_36' title="bbox 289 3089 2023 3145; baseline 0 -16"><span class='ocrx_word' id='word_1_276' title='bbox 289 3089 477 3143; x_wconf 90' lang='lat' dir='ltr'>posthac</span> <span class='ocrx_word' id='word_1_277' title='bbox 501 3090 558 3130; x_wconf 90' lang='lat' dir='ltr'>ad</span> <span class='ocrx_word' id='word_1_278' title='bbox 581 3090 789 3132; x_wconf 89' lang='lat' dir='ltr'>iniuriam</span> <span class='ocrx_word' id='word_1_279' title='bbox 813 3092 1022 3132; x_wconf 90' lang='lat' dir='ltr'>omnibus</span> <span class='ocrx_word' id='word_1_280' title='bbox 1044 3091 1250 3133; x_wconf 88' lang='lat' dir='ltr'>hostibus</span> <span class='ocrx_word' id='word_1_281' title='bbox 1273 3090 1466 3145; x_wconf 86' lang='lat' dir='ltr'>expositi</span> <span class='ocrx_word' id='word_1_282' title='bbox 1489 3104 1591 3132; x_wconf 88' lang='lat' dir='ltr'>cum</span> <span class='ocrx_word' id='word_1_283' title='bbox 1614 3090 1814 3131; x_wconf 86' lang='lat' dir='ltr'>maximo</span> <span class='ocrx_word' id='word_1_284' title='bbox 1837 3090 1971 3133; x_wconf 90' lang='lat' dir='ltr'>detri-</span> <span class='ocrx_word' id='word_1_285' title='bbox 1987 3104 2023 3130; x_wconf 79' lang='lat'>35</span> 
     </span>
     <span class='ocr_line' id='line_1_37' title="bbox 290 3161 1968 3216; baseline 0.004 -18"><span class='ocrx_word' id='word_1_286' title='bbox 290 3162 444 3199; x_wconf 90' lang='lat' dir='ltr'>mento</span> <span class='ocrx_word' id='word_1_287' title='bbox 472 3164 626 3200; x_wconf 81' lang='lat' dir='ltr'>nostro</span> <span class='ocrx_word' id='word_1_288' title='bbox 655 3166 698 3202; x_wconf 92' lang='lat' dir='ltr'>et</span> <span class='ocrx_word' id='word_1_289' title='bbox 729 3175 830 3202; x_wconf 90' lang='lat' dir='ltr'>cum</span> <span class='ocrx_word' id='word_1_290' title='bbox 872 3162 1087 3203; x_wconf 87' lang='lat' dir='ltr'>dedecore</span> <span class='ocrx_word' id='word_1_291' title='bbox 1132 3162 1269 3216; x_wconf 92' lang='lat' dir='ltr'>(quod</span> <span class='ocrx_word' id='word_1_292' title='bbox 1311 3161 1444 3215; x_wconf 86' lang='lat' dir='ltr'>absit)</span> <span class='ocrx_word' id='word_1_293' title='bbox 1492 3162 1623 3201; x_wconf 50' lang='lat' dir='ltr'><strong>&#39;smum</strong></span> <span class='ocrx_word' id='word_1_294' title='bbox 1663 3161 1968 3204; x_wconf 86' lang='lat' dir='ltr'>Maiestatum.</span> 
     </span>
    </p>
   </div>
  </div>
 </body>
</html>
