2209 3643
149 1497 195 1525 2&
220 1496 283 1525 Dec

176 2696 305 2734 13.Jan.

324 174 369 209 74
1088 164 1163 197 No.
1190 167 1234 198 61
1705 161 1752 215 [2.
1786 166 1876 211 Jan.
1914 177 2011 211 1505

322 295 529 337 Albensis
538 295 881 336 Transsilvanae
891 294 1072 335 honoris
1087 299 1131 336 et
1149 295 1375 337 amicitiae
1391 296 1657 338 continuum
1666 296 2007 339 incrementum.

322 366 484 407 Vestra
502 365 679 406 noverit
699 364 1048 418 Magnificentia,
1071 365 1193 419 quod
1211 379 1293 407 nos
1312 366 1480 408 honore
1499 371 1544 408 et
1564 367 1828 416 reverentia,
1846 368 2010 422 quibus

323 436 487 484 decuit,
507 435 697 490 receptis
715 435 877 476 litteris
887 435 1073 477 Vestrae
1088 436 1448 491 Magnificentiae
1467 437 1805 479 adiudicatoriis
1823 438 2010 480 modum

322 512 365 547 et
397 506 588 547 sormam
618 505 852 546 cuiusdam
882 506 1256 560 possessionariae
1285 508 1584 550 restitutionis
1613 508 1729 550 iuste
1759 509 2009 563 exprimen-

322 577 444 618 tibus
475 589 555 630 pro
586 580 716 630 parte
755 576 1048 631 Egregiorum
1086 577 1259 619 Nicolai
1291 583 1335 620 et
1368 579 1508 620 Blasii
1540 579 1594 620 de
1627 579 1820 621 Bethlen
1852 584 2010 621 contra
2048 597 2068 622 r>

321 646 609 700 Magnificum
639 646 874 688 dominum
903 648 1093 702 Bogdan
1121 649 1376 690 waivodam
1405 650 1759 692 Moldaviensem
1788 650 1833 691 in
1863 650 2010 692 Colos-

321 731 402 758 var
437 717 610 758 decimo
645 717 715 758 die
751 723 1018 760 octavarum
1054 719 1157 760 festi
1194 720 1553 774 Epiphaniarum
1589 721 1772 762 Domini
1806 721 2009 775 proxime

320 788 551 842 praeteriti
583 789 829 830 emanatis1
859 789 1080 844 nobisque
1111 790 1409 833 amicabiliter
1439 792 1707 834 sonantibus
1739 797 1783 833 et
1815 791 2010 841 directis,

320 859 449 900 iuxta
464 873 657 912 quarum
672 859 855 914 quidem
871 860 1126 902 litterarum
1147 862 1489 912 continentiam,
1512 877 1708 904 unacum
1727 862 2012 917 Sigismundo

321 929 375 970 de
415 930 715 972 Petherfalwa
753 931 934 972 homine
974 937 1126 973 vestro
1164 933 1404 974 waivodali
1443 947 1522 988 per
1560 934 1770 975 Vestram
1809 933 2064 987 Magnifi-io

320 1001 515 1041 centiam
536 1001 591 1042 de
610 1001 714 1043 sede
734 1015 816 1043 sua
836 1002 1069 1044 iudiciaria
1089 1003 1147 1044 ad
1167 1003 1213 1044 id
1233 1004 1486 1059 specialiter
1505 1005 1784 1053 transmisso,
1806 1009 2012 1045 nostrum

319 1072 562 1121 hominem,
616 1073 826 1114 videlicet
881 1073 1125 1115 discretum
1180 1075 1447 1129 Magistrum
1500 1076 1739 1117 Albertum
1791 1080 2012 1116 rectorem

320 1143 474 1184 altaris
512 1143 759 1185 Beatorum
797 1144 950 1186 decem
988 1145 1162 1186 milium
1199 1145 1395 1187 militum
1433 1146 1477 1187 in
1514 1147 1598 1188 hac
1636 1146 1821 1188 ecclesia
1856 1150 2013 1187 nostra

319 1213 503 1255 Albensi
531 1214 712 1256 fundati
740 1215 798 1256 ad
824 1216 1118 1270 praemissam
1145 1217 1542 1271 possessionariam
1569 1217 1904 1258 restitutionem
1931 1230 2012 1258 suo

320 1285 455 1326 modo
494 1286 797 1340 peragendam
836 1291 992 1328 nostro
1031 1301 1111 1342 pro
1150 1287 1411 1329 testimonio
1449 1288 1537 1329 fide
1575 1288 1761 1342 dignum
1800 1288 2013 1329 duximus
2028 1303 2064 1330 15

320 1356 738 1398 transmittendum.
769 1357 855 1412 Qui
880 1358 1069 1399 tandem
1095 1358 1257 1400 exinde
1283 1359 1342 1400 ad
1366 1372 1447 1400 nos
1472 1359 1638 1401 reversi
1662 1359 1792 1400 nobis
1817 1372 2015 1400 consona

320 1441 429 1468 voce
455 1428 707 1470 retulerunt
735 1442 787 1470 eo
815 1428 950 1470 modo
973 1443 979 1470 :
1010 1429 1142 1484 Quod
1169 1430 1252 1484 ipsi
1280 1430 1351 1472 die
1378 1430 1603 1472 dominico
1630 1430 1675 1471 in
1702 1430 1818 1471 festo
1844 1430 2013 1471 scilicet

288 1498 566 1540 ⁴Beatorum
602 1499 910 1541 innocentium
946 1500 1222 1556 martyrum2
1242 1501 1444 1556 proxime
1479 1501 1724 1556 praeterito
1761 1500 1819 1542 ad
1853 1500 2015 1542 faciem

320 1570 624 1625 praescriptae
648 1571 940 1625 possessionis
961 1572 1197 1620 VVezzews,
1220 1573 1380 1614 vicinis
1401 1578 1445 1614 et
1468 1573 1790 1614 commetaneis
1814 1572 2014 1613 eiusdem

320 1641 539 1682 universis
572 1646 616 1683 et
650 1641 882 1696 signanter
913 1643 1141 1684 nobilibus
1174 1649 1206 1685 t.
1243 1649 1286 1685 et
1321 1650 1353 1685 t.
1390 1658 1440 1685 ac
1474 1644 1677 1699 providis
1710 1648 1743 1685 t.
1779 1648 1824 1684 et
1857 1648 1890 1685 t.
1927 1648 2068 1685 etc.20

320 1711 429 1752 inibi
454 1712 652 1766 legitime
677 1714 939 1755 convocatis
964 1719 1008 1755 et
1034 1715 1348 1769 praesentibus
1373 1715 1661 1756 accessissent
1688 1720 1732 1756 et
1759 1714 1868 1756 dum
1893 1713 2013 1755 idem

319 1783 454 1824 homo
490 1788 639 1825 vester
665 1784 927 1826 waivodalis
948 1791 1184 1840 praesente
1206 1786 1302 1841 ipso
1336 1791 1491 1827 nostro
1526 1785 1787 1827 testimonio
1821 1785 2012 1826 eandem

320 1854 643 1907 possessionem
665 1855 888 1896 Vl'ezzews
913 1856 1152 1897 simulcum
1179 1857 1354 1898 cunctis
1382 1857 1472 1898 suis
1500 1857 1778 1898 utilitatibus
1804 1860 1847 1897 et
1874 1855 2012 1910 perti-

319 1925 484 1966 nentiis
522 1925 813 1980 quibuslibet,
842 1926 971 1968 iuxta
1002 1927 1296 1982 praemissam
1333 1928 1614 1969 iudiciariam
1651 1926 2012 1969 commissionem

320 2000 517 2037 vestram
542 1996 888 2052 litterarumque
911 2003 1165 2039 vestrarum
1191 1999 1622 2040 adiudicatoriarum
1647 1997 1885 2053 superinde
1909 2010 2012 2038 con-
2026 2013 2065 2040 25

321 2067 541 2108 sectarum
582 2068 910 2110 continentiam
951 2070 1167 2111 antefatis
1207 2070 1393 2111 Nicolao
1433 2075 1477 2112 et
1518 2069 1669 2111 Blasio
1709 2069 1763 2110 de
1803 2068 2010 2117 Bethlen‚

321 2138 548 2179 actoribus
582 2139 779 2194 pignoris
825 2140 960 2181 titulo
1006 2140 1324 2195 possidendam
1371 2140 1728 2182 contradictione
1774 2138 2013 2194 praelibati

321 2207 489 2249 domini
520 2210 709 2264 Bogdan
739 2211 972 2252 waivodae
1002 2212 1047 2252 in
1078 2225 1261 2253 causam
1292 2212 1478 2254 attracti
1504 2217 1548 2253 et
1580 2211 1769 2253 aliorum
1799 2223 2012 2265 quorum-

320 2278 428 2320 libet
468 2281 652 2334 praevia
690 2282 865 2323 ratione
915 2296 1005 2323 non
1057 2283 1269 2324 obstante
1320 2288 1569 2324 restatuere
1619 2282 1849 2330 voluisset,
1902 2285 2012 2322 tunc

321 2349 446 2403 agilis
474 2351 685 2393 Nicolaus
724 2352 868 2394 Gereb
917 2353 1120 2395 officialis
1167 2353 1212 2394 in
1260 2354 1417 2395 eadem
1465 2353 1742 2409 possessione
1790 2352 2012 2393 W'ezzews
2025 2367 2064 2393 30

322 2421 598 2463 constitutus
623 2423 804 2464 nomine
831 2428 875 2464 et
902 2424 947 2464 in
986 2438 1177 2479 persona
1214 2425 1433 2479 praedicti
1472 2424 1643 2466 domini
1681 2423 1871 2477 Bogdan
1907 2421 2012 2463 wai-

320 2490 475 2532 wodae
491 2492 599 2534 inibi
614 2494 909 2548 personaliter
924 2495 1171 2536 adhaerens
1187 2496 1428 2549 evaginato
1442 2495 1591 2550 gladio
1606 2495 1651 2535 in
1666 2494 1786 2548 ipsos
1810 2498 2012 2534 vestrum

323 2566 367 2602 et
384 2568 589 2605 nostrum
606 2565 809 2606 homines
825 2566 995 2607 irruens
1011 2566 1190 2607 eosdem
1208 2581 1233 2607 a
1249 2566 1494 2621 praemissa
1509 2565 1773 2607 executione
1789 2564 2013 2605 dictarum

322 2632 577 2675 litterarum
607 2640 861 2677 vestrarum
891 2637 1322 2679 adiudicatoriarum
1351 2637 1571 2678 violenter
1598 2635 1846 2691 repulisset.
1879 2634 2013 2675 Cuius

324 2704 481 2745 seriem
509 2719 590 2746 nos
618 2707 979 2761 Magnificentiae
1006 2708 1193 2749 Vestrae
1221 2708 1280 2749 ad
1307 2712 1494 2749 octavas
1522 2707 1625 2748 festi
1654 2705 2012 2760 Epiphaniarum
2027 2720 2066 2745 35

325 2773 506 2815 Domini
532 2777 736 2830 proxime
762 2784 978 2820 venturas
1003 2792 1085 2820 suo
1111 2779 1246 2820 modo
1273 2779 1486 2819 duximus
1511 2776 1857 2824 rescribendam,
1886 2789 2012 2829 prae—

325 2845 515 2898 scriptas
535 2847 709 2888 litteras
742 2848 941 2890 eiusdem
975 2849 1326 2891 adiudicatorias
1367 2849 1515 2903 capite
1556 2847 1685 2902 sigilli
1726 2846 1868 2887 nostri
1909 2859 2013 2887 con-

326 2913 524 2967 signatas
553 2918 784 2960 exhibenti
814 2919 859 2960 in
888 2920 1033 2974 specie
1061 2920 1364 2961 restituentes

470 3079 483 3099 1
498 3080 585 3114 Hoc
600 3081 740 3115 datum
759 3083 833 3125 (22.
849 3085 1044 3128 Januarii)
1062 3088 1122 3119 est
1136 3084 1390 3130 impossibile,
1406 3083 1501 3128 quia
1516 3083 1657 3116 datum
1672 3082 1874 3116 relationis
1894 3083 2012 3116 huius

325 3138 384 3169 est
408 3138 611 3181 proprium
637 3150 669 3173 2.
694 3141 886 3185 Januarii.
992 3143 1006 3164 2
1027 3144 1226 3183 Mendose,
1252 3143 1346 3188 quia
1367 3143 1443 3176 hoc
1464 3142 1611 3176 festum
1635 3145 1720 3176 erat
1742 3141 1806 3175 die
1827 3141 2010 3176 sabbato,
2027 3143 2066 3168 40
