2209 3643
242 191 276 225 3.
300 179 394 213 Dec.
419 171 529 226 1527]
1005 176 1079 210 No.
1106 176 1176 209 116
1867 178 1936 212 155

1042 314 1141 355 116.

722 414 954 461 Piotrko'w,
983 424 1023 464 3.
1054 411 1299 454 Decembris
1328 421 1456 463 1527.

383 507 581 547 Oratores
610 504 821 543 vaivodac
854 503 1093 542 Moldaviae
1120 502 1388 554 Sigismundo
1419 501 1451 540 I.
1475 499 1561 550 regi
1592 497 1801 537 Poloniae.

391 605 573 647 Summa
614 604 840 660 legationis
889 603 1112 645 voicvodae
1166 601 1402 644 Valaclziae
1465 613 1607 641 comm
1656 596 1939 652 Sigismzmdo

212 686 337 733 5rege
370 677 520 718 dictae.

392 771 452 812 Hi
484 770 621 826 legati
653 774 872 812 venerant
906 769 963 810 ad
996 781 1144 822 regem
1177 767 1235 809 ad
1269 770 1545 808 conventum
1580 763 1944 806 Petrcoviensem

246 843 291 885 in
318 843 406 884 fine
433 842 540 883 anni
570 852 694 895 1527,
722 846 773 883 ut
801 840 961 882 foedus
988 853 1090 881 cum
1118 839 1180 881 eis
1207 842 1408 893 pactum,
1438 836 1560 892 quod
1587 835 1717 877 initio
1744 833 1944 876 eiusdem

247 914 353 956 anni
364 913 605 956 Cracoviae
614 912 776 954 minori
785 911 930 966 sigillo
940 909 1384 952 vicecancellariatus
1393 907 1517 963 regni
1532 907 1822 961 obsignatum
1831 907 1942 952 erat,

247 986 396 1027 denuo
428 984 592 1026 iterum
613 984 756 1038 sigillo
789 996 954 1036 magno
983 981 1325 1023 cancellariatus
1346 993 1438 1021 una
1471 993 1574 1020 cum
1595 977 1748 1033 sigillis
1770 974 1945 1018 consili-

196 1076 230 1102 10
248 1057 444 1098 ariorum
461 1060 505 1097 et
524 1069 758 1110 procerum
778 1054 900 1108 regni
920 1053 1271 1108 consignaretur.
1306 1050 1438 1106 Quod
1469 1062 1729 1091 concessum
1759 1048 1821 1089 eis
1842 1046 1943 1088 11111.

394 1127 539 1168 Causa
558 1132 711 1168 autem
732 1127 841 1167 haec
861 1129 972 1174 erat,
995 1124 1118 1179 quod
1145 1123 1323 1164 litterae
1354 1120 1585 1162 Valachici
1604 1120 1737 1162 huius
1756 1117 1946 1161 foederis

248 1198 378 1240 initio
413 1198 574 1238 minori
609 1197 752 1252 sigillo
787 1196 992 1251 signatae
1026 1196 1224 1242 1116111111,
1262 1193 1370 1248 quia
1405 1192 1750 1246 Christopherus
1783 1188 1947 1231 Ssidlo—

248 1269 392 1311 vicius
413 1268 705 1310 cancellarius
726 1267 870 1308 maior
890 1267 1049 1309 aberat
1070 1270 1171 1308 turn
1193 1278 1219 1306 3
1239 1277 1389 1319 regno,
1407 1263 1570 1305 missus
1590 1262 1635 1303 in
1656 1261 1880 1317 legatione
1900 1259 1946 1300 in

249 1340 485 1382 Boemiam
510 1339 569 1380 ad
592 1338 930 1381 coronationem
953 1337 1068 1391 regis
1091 1335 1404 1378 Ferdinandi.l

198 1430 235 1456 15
396 1411 610 1453 Oratores
641 1409 891 1451 voievodae
923 1407 1244 1450 Moldaviensis
1277 1404 1422 1448 auditi
1454 1409 1560 1446 sunt
1593 1404 1638 1445 in
1672 1401 1950 1459 Pyothrkow

250 1481 362 1524 16113
388 1482 473 1523 III.
501 1485 608 1523 ante
632 1482 800 1523 festum
824 1480 1017 1522 Sanctae
1042 1479 1272 1520 Barbarae
1295 1475 1481 1531 virginis
1505 1476 1551 1517 in
1575 1475 1663 1516 fine
1687 1474 1793 1516 anni
1821 1483 1944 1526 1527.

397 1552 819 1594 Commemorarunt
874 1556 1077 1593 tenorem
1131 1549 1290 1604 prioris
1343 1560 1451 1589 suae
1503 1545 1753 1601 legationis,
1809 1557 1947 1599 quam

252 1623 496 1666 Cracoviae
523 1623 782 1664 habuerunt
812 1622 867 1664 de
895 1620 1215 1664 sublimatione
1243 1618 1492 1661 voievodae
1520 1622 1565 1659 et
1595 1616 1765 1658 domini
1793 1615 1862 1657 sui
1890 1614 1949 1655 ad

252 1694 403 1736 sedem
435 1699 689 1749 paternam,
723 1693 845 1748 quod
876 1693 999 1734 illam
1032 1692 1246 1734 Maiestas
1279 1691 1421 1745 Regia
1451 1693 1629 1743 gratam
1661 1686 1871 1729 habuerit
1904 1689 1949 1727 et

199 1785 236 1811 20
253 1779 411 1821 pacem
443 1779 495 1807 36
525 1765 685 1807 foedus
716 1768 986 1819 perpetuum
1018 1777 1120 1805 cum
1152 1776 1233 1804 suo
1263 1760 1488 1803 voievoda
1518 1759 1666 1801 inierit
1696 1757 1950 1811 litterisque

254 1841 299 1879 et
320 1836 576 1878 iuramento
597 1850 678 1878 suo
700 1834 1048 1877 confirmaverit.
1074 1833 1190 1889 Quia
1210 1846 1318 1874 vero
1338 1832 1517 1874 litterae
1538 1829 1738 1872 eiusdem
1760 1827 1951 1871 foederis

255 1913 300 1950 et
322 1907 446 1963 pacis
468 1912 575 1949 sunt
598 1907 863 1962 obsignatae
884 1910 1069 1948 tantum
1091 1905 1234 1959 sigillo
1256 1903 1418 1945 minori
1452 1896 1535 1943 Mtis
1565 1901 1694 1950 Suae,
1718 1903 1950 1955 rogarunt,

255 1983 307 2021 ut
337 1979 522 2020 eaedem
552 1979 675 2033 ipsae
704 1978 883 2020 litterae
913 1975 1072 2018 maiori
1101 1975 1245 2030 sigillo
1274 1968 1356 2016 Mtis
1382 1974 1498 2015 Suae
1540 1977 1584 2014 et
1627 1971 1781 2026 sigillis
1810 1969 1952 2012 domi-

256 2063 418 2091 norum
457 2049 911 2105 archiepiscoporum,
952 2047 1280 2102 episcoporum,
1319 2045 1627 2100 palatinorum
1666 2047 1710 2084 et
1750 2041 1952 2083 omnium

205 2139 241 2166 25
259 2120 615 2162 consiliariorum
651 2120 775 2174 regni
812 2119 1158 2173 obsignarentur
1192 2116 1441 2170 eademque
1476 2114 1658 2157 foedera
1692 2113 1764 2155 hic
1799 2112 1952 2167 palam

259 2192 407 2233 adhuc
428 2191 683 2233 iuramento
703 2184 786 2233 Mtis
804 2190 919 2232 Suae
940 2189 1325 2231 confirmarentur.

406 2263 694 2311 Retulerunt,
728 2261 956 2316 quendam
988 2259 1231 2307 hominem,
1266 2257 1343 2312 qui
1374 2271 1420 2298 se
1451 2255 1679 2298 asserebat
1711 2268 1804 2296 esse
1834 2253 1954 2295 voie-

259 2333 427 2375 vodam
452 2338 598 2375 terrae
623 2332 958 2380 Moldaviensis‚
986 2330 1063 2386 qui
1088 2330 1308 2371 educatus
1333 2332 1400 2369 est
1426 2327 1549 2382 apud
1573 2327 1754 2374 Turcos,
1781 2324 1956 2366 venisse

260 2403 306 2445 in
333 2408 611 2459 potestatem
639 2403 809 2445 domini
837 2403 905 2444 sui
932 2400 1182 2443 voievodae
1209 2404 1254 2441 et
1283 2398 1533 2454 praemium
1561 2396 1822 2438 ambitionis
1849 2408 1956 2436 suae

210 2493 245 2519 30
261 2474 492 2530 recepisse.

409 2545 697 2594 Retulerunt,
719 2558 857 2600 quam
877 2557 1013 2599 grave
1033 2542 1091 2584 sit
1111 2541 1197 2582 illis
1217 2545 1261 2582 et
1283 2553 1520 2581 onerosum
1540 2539 1712 2580 solvere
1730 2537 1957 2578 tributum

262 2616 422 2665 Tusco,
463 2616 586 2671 quod
623 2616 746 2658 omni
785 2628 904 2656 anno
942 2618 1164 2668 augetur;
1203 2614 1434 2666 rogarunt,
1473 2614 1525 2651 ut
1563 2608 1777 2650 Maiestas
1816 2607 1958 2662 Regia

264 2687 441 2728 iuvaret
475 2687 628 2742 aliqua
658 2686 875 2741 pecuniae
907 2698 1085 2726 summa
1117 2682 1351 2724 dominum
1384 2694 1516 2722 suurn
1548 2679 1833 2727 voievodam,
1867 2691 1958 2733 quo

264 2757 437 2800 solvere
462 2758 604 2812 possit
630 2758 714 2799 hoc
740 2758 889 2812 ipsum
914 2756 1154 2802 tributum,
1182 2751 1552 2808 quandoquidem
1578 2749 1779 2792 thesauri
1804 2762 1958 2790 omnes

212 2847 251 2872 35
266 2827 559 2883 antiquorum
595 2827 921 2871 voievodarum
958 2826 1048 2868 sint
1086 2823 1295 2866 distracti
1329 2836 1409 2878 per
1442 2821 1740 2877 Stephanum,
1778 2820 1959 2862 voievo-

266 2899 374 2941 dam
399 2899 668 2942 defunctum
689 2913 698 2950 ;
738 2899 833 2954 ipse
855 2911 963 2940 vero
989 2896 1119 2938 offert
1144 2909 1191 2937 se
1214 2894 1381 2936 servire
1404 2886 1471 2934 Mti
1493 2893 1610 2935 Suae
1634 2895 1679 2934 et
1703 2904 1840 2945 regno
1865 2891 1960 2933 eius

266 2984 357 3012 non
382 2970 527 3013 solum
553 2970 778 3025 gentibus,
805 2969 884 3011 sed
909 2968 1047 3010 6113111
1073 2979 1265 3021 persona
1290 2969 1334 3006 et
1362 2964 1512 3019 capite
1536 2976 1618 3005 suo
1644 2967 1803 3005 contra
1827 2975 1959 3017 quos-

269 3055 446 3096 cunque
469 3042 638 3083 hostes.

400 3160 414 3181 1
433 3160 642 3195 Celebrata
673 3160 805 3194 1116131
837 3167 972 3192 mense
1004 3155 1214 3190 Decembri
1249 3156 1358 3199 1526.

1995 1496 2005 1505 ⁴
2014 1510 2022 1518 .
2040 1487 2116 1516 Dec.
