2209 3643
182 203 241 237 18.
274 202 370 248 Apr.
406 196 517 251 1492]
957 203 1032 238 No.
1055 215 1103 249 40
1827 219 1873 252 45

325 332 587 388 Exequutio
617 333 750 375 huius
780 334 988 376 mandati
1019 335 1142 376 facta
1173 340 1239 377 est
1266 335 1310 376 in
1339 335 1455 377 festo
1486 336 1619 379 Beati
1651 338 1878 381 Francisci
1900 356 1929 384 4.
1955 344 2027 374 Oct.

180 404 446 447 confessoris
466 404 524 446 ad
546 404 706 446 faciem
727 406 1061 460 praenominati
1082 406 1217 448 castri
1241 407 1513 449 Kikellevar.
1538 408 1598 451 Et
1620 409 1730 451 dum
1750 424 1877 465 prae-

179 476 468 517 nominatum
490 476 774 531 Stephanum
799 477 1044 518 vaivodam
1070 482 1114 519 et
1140 477 1314 520 dictum
1339 478 1481 520 filium
1506 492 1638 522 suum
1664 481 1709 522 in
1734 481 1876 522 domi-

179 546 307 588 nium
334 551 585 589 castrorum
612 547 963 602 praedictorum,
989 561 1041 589 ac
1068 548 1444 603 pertinentiarum
1465 552 1710 593 earundem
1738 552 1877 593 intro-

147 630 164 656 5
181 618 342 660 ducere
383 623 428 660 et
470 623 670 660 statuere
711 619 974 668 voluissent,
1018 624 1128 661 tunc
1169 620 1547 663 Bartholomaeus
1587 623 1642 664 de
1683 623 1877 664 Bethlen

179 689 341 730 tertiae
367 689 510 745 partis
536 689 645 730 dicti
672 689 808 731 castri
835 690 1018 745 Chycho
1040 725 1046 732 .
1072 725 1079 732 .
1103 725 1111 732 .
1140 695 1185 732 et
1212 705 1294 746 pro
1319 696 1484 746 quarta
1522 698 1652 748 parte
1689 694 1877 749 puellari

179 773 231 801 ac
267 760 372 802 dote
408 759 679 816 parafernali
715 760 760 801 in
808 775 999 816 persona
1040 762 1203 803 nobilis
1249 762 1459 804 dominae
1499 764 1658 806 Annae
1694 765 1875 806 relictae

178 831 372 872 condam
392 831 571 886 Egregii
592 831 731 873 Marci
757 832 811 873 de
838 832 1046 882 Bethlen,
1069 832 1177 874 item
1201 833 1415 875 Albertus
1437 833 1555 888 Siley
1583 835 1637 876 de
1663 836 1874 891 Bewnye‚

178 902 389 944 annotati
420 902 556 944 castri
589 902 867 958 Kykelleuar
897 907 942 944 et
974 903 1352 958 pertinentiarum
1383 918 1567 947 suarum
1599 906 1644 947 in
1676 906 1877 961 personis

123 985 161 1011 10
178 986 419 1027 generosae
454 973 663 1015 dominae
698 974 932 1015 Elisabeth
966 979 1171 1023 vocatae,
1207 975 1387 1017 relictae
1422 977 1614 1017 condam
1648 976 1878 1031 Magnifici

177 1044 348 1086 domini
362 1044 554 1098 Joannis
575 1045 804 1097 Pangracz
821 1045 875 1086 de
893 1046 1120 1100 Dengeleg
1136 1046 1246 1087 alias
1262 1046 1485 1088 vaivodae
1501 1048 1809 1090 Transsilvani
1822 1083 1829 1089 .
1844 1083 1874 1090 ..

176 1115 436 1157 huiusmodi
483 1115 749 1157 statutionis
795 1116 1258 1172 contradictionisque
1304 1118 1528 1159 velamine
1575 1118 1875 1161 obviassent.2

986 1277 1055 1318 40.

682 1388 858 1441 [Buda,
895 1388 964 1429 18.
1004 1388 1179 1443 Aprilis
1214 1391 1372 1443 1492]

124 1493 159 1520 15
232 1477 484 1516 Wladislaus
517 1478 574 1517 II.
608 1491 681 1516 rex
714 1478 956 1528 Hungariae
987 1491 1064 1529 pro
1092 1478 1309 1529 Stephano
1341 1480 1525 1519 vaivoda
1557 1482 1805 1523 Moldaviae.

322 1578 513 1619 Domitio
522 1582 752 1632 proventus
771 1582 1007 1619 castrorum
1016 1578 1077 1631 [C
1081 1579 1190 1620 sicso
1206 1583 1243 1620 et
1256 1579 1561 1635 Kiikiillo'vcir]
1580 1583 1690 1623 vitae
1709 1584 1872 1626 comite.

323 1684 418 1726 Nos
452 1688 537 1725 etc.
576 1683 818 1725 Memoriae
854 1684 1226 1726 commendamus
1261 1690 1345 1727 etc.
1384 1687 1516 1741 Quod
1551 1701 1633 1729 nos
1668 1689 1874 1732 debitum

176 1756 398 1797 habentes
438 1759 694 1810 respectum
736 1754 794 1796 ad
835 1755 1113 1809 praeclaram
1154 1756 1290 1797 fidem
1331 1756 1455 1798 illam
1497 1772 1548 1800 ac
1589 1759 1872 1810 fidelitatem,

178 1840 316 1881 quam
344 1825 488 1868 fidelis
515 1830 670 1867 noster
694 1825 962 1880 Spectabilis
990 1830 1035 1867 et
1064 1826 1331 1881 Magnificus
1356 1828 1615 1883 Stephanus
1641 1833 1876 1886 waywoda

122 1911 159 1937 20
178 1901 325 1939 terrae
362 1896 633 1946 Moldaviae,
659 1896 819 1938 Sacrae
840 1896 1061 1951 imprimis
1098 1898 1232 1939 huius
1269 1898 1393 1953 regni
1430 1900 1575 1941 nostri
1613 1901 1876 1957 Hungariae

178 1982 369 2010 coronae
397 1983 450 2010 ac
478 1967 708 2009 Maiestati
736 1971 920 2009 nostrae
947 1967 1154 2009 exhibuit
1183 1973 1228 2010 et
1257 1968 1480 2024 impendit
1510 1975 1650 2026 atque
1677 1972 1722 2013 in
1752 1974 1875 2015 omni

176 2053 326 2081 rerum
364 2053 550 2082 suarum
588 2042 716 2080 statu
753 2043 798 2080 et
837 2038 1095 2080 conditione
1133 2039 1481 2082 observaturum
1519 2055 1614 2084 sese
1651 2044 1873 2098 promisit,

177 2110 410 2153 universos
441 2114 691 2166 proventus
722 2113 915 2158 nostros,
950 2109 1027 2163 qui
1058 2110 1189 2151 nobis
1220 2111 1275 2152 de
1307 2111 1592 2166 pertinentiis
1623 2119 1875 2157 castrorum

177 2195 361 2223 suorum
383 2186 416 2223 t.
433 2186 478 2223 et
494 2182 552 2223 t.l
568 2184 836 2222 vocatorum
858 2180 903 2222 in
925 2180 1132 2235 partibus
1153 2181 1277 2236 regni
1297 2182 1441 2223 nostri
1462 2183 1874 2228 Transsilvanensis

123 2265 160 2292 25
177 2252 439 2294 habitorum
461 2251 689 2294 ordinaria
709 2251 804 2306 lege
826 2256 870 2292 et
893 2252 1220 2293 consuetudine
1241 2252 1452 2295 devenire
1474 2254 1704 2305 deberent,
1728 2257 1874 2299 eidem

177 2322 302 2365 vitae
346 2337 452 2365 suae
497 2322 662 2365 comite
702 2322 916 2364 duximus
955 2322 1137 2377 penitus
1159 2327 1203 2365 et
1243 2337 1323 2378 per
1364 2324 1517 2366 omnia
1557 2326 1870 2378 relaxandum,

178 2398 318 2449 atque
342 2394 387 2436 in
411 2393 665 2436 subsidium
689 2407 822 2435 suum
847 2393 1328 2449 conservationemque
1352 2396 1597 2438 eorundem
1622 2402 1874 2441 castrorum

177 2477 362 2507 suorum
398 2465 538 2507 libero
575 2464 669 2506 iure
706 2469 888 2519 tempus
924 2464 1042 2505 infra
1076 2465 1313 2506 remissum
1350 2466 1696 2520 deputandum;
1734 2469 1874 2512 immo

177 2536 434 2578 relaxamus
460 2541 505 2578 et
533 2536 808 2590 deputamus
834 2549 914 2590 per
938 2540 1211 2590 praesentes
1242 2536 1342 2590 Quo
1369 2536 1485 2578 circa
1511 2538 1641 2580 vobis
1666 2540 1875 2582 fidelibus

125 2620 160 2646 30
177 2607 343 2649 nostris
367 2606 616 2662 Magnificis
640 2611 673 2648 t.
698 2606 958 2661 waywodae
994 2606 1328 2661 praedictarum
1359 2608 1559 2662 partium
1583 2610 1706 2664 regni
1730 2612 1873 2653 nostri

178 2679 603 2720 Transsilvanarum
630 2682 674 2719 et
702 2676 945 2718 comitibus
969 2677 1219 2718 Siculorum
1258 2681 1517 2720 nostrorum
1544 2679 1730 2735 eiusque
1755 2682 1872 2724 vice-

177 2749 421 2805 waywodis
445 2763 497 2790 ac
522 2747 865 2790 vicecomitibus
886 2747 1137 2789 Siculorum
1161 2753 1434 2798 nostrorum,
1460 2749 1570 2791 item
1595 2751 1875 2795 dicatoribus

178 2819 515 2875 praedictorum
556 2823 864 2874 proventuum
905 2823 1164 2860 nostrorum
1206 2819 1535 2862 ordinariorum
1577 2822 1784 2877 partibus
1826 2824 1871 2865 in

178 2890 346 2933 eisdem
368 2905 450 2946 pro
473 2894 677 2946 tempore
700 2889 962 2931 constitutis
984 2889 1172 2931 firmiter
1193 2890 1494 2945 praecipimus
1516 2896 1561 2933 et
1585 2894 1870 2945 mandamus,

124 2974 161 3001 35
179 2966 405 3017 quatenus
445 2976 472 3003 a
510 2961 647 3003 modo
688 2959 898 3015 deinceps
925 2959 1183 3002 huiusmodi
1212 2966 1460 3016 proventus
1487 2967 1666 3006 nostros
1694 2966 1873 3008 ordina-

323 3126 337 3147 2
365 3126 570 3161 Relatoria
597 3125 715 3160 huius
742 3123 1096 3158 contradictionis:
1125 3124 1320 3170 Orszagos
1346 3125 1533 3161 Leveltar
1559 3127 1624 3162 DI.
1654 3138 1791 3174 27741.

324 3185 338 3206 ¹
366 3185 478 3220 Idest
503 3185 634 3220 Csicso
662 3186 702 3218 et
730 3182 993 3217 Kfikffllovar.
