2209 3643
190 188 305 234 Sept.
332 182 442 237 1531]
960 188 1034 224 No.
1061 198 1127 230 191
1819 198 1893 230 229

195 318 456 374 praeterita,
474 322 652 373 praeter
666 331 847 359 omnem
863 318 1265 374 exspectationem,
1283 318 1537 361 foederibus
1551 323 1595 361 et
1612 319 1891 369 iuramentis,

194 403 312 445 quae
352 389 532 438 fecerat,
558 389 786 443 neglectis,
827 389 1040 444 nullaque
1080 390 1345 431 hostilitatis
1383 389 1728 432 denuntiatione
1766 404 1893 445 prae-

196 460 346 510 missa,
386 460 667 515 provinciam
705 459 828 514 regni
868 460 1079 502 Poloniae
1119 460 1314 503 Pokucie
1351 465 1679 516 nuncupatam,
1718 461 1809 503 fide
1847 465 1892 503 et

196 532 364 573 honore
390 530 669 586 posthabito,
697 531 954 585 occupavit.
983 531 1132 586 Quam
1158 531 1382 581 iniuriam,
1411 545 1552 586 quum
1575 531 1893 574 Serenissimus

157 621 178 646 «5
198 601 410 643 Poloniae
432 615 509 643 rex
533 601 705 643 diutius
728 601 841 643 ferre
856 615 945 643 non
961 607 1126 656 posset,
1143 602 1391 644 exercitum
1406 603 1674 645 selectorum
1696 616 1893 645 mercen-

199 672 428 714 nariorum
447 672 644 714 militum
664 686 719 714 ex
735 686 871 727 regno
886 686 966 714 suo
982 673 1265 728 comparavit
1286 677 1331 715 et
1351 673 1572 715 conscribi
1592 673 1735 723 iussit,
1756 687 1892 729 opera

196 742 425 798 Magnifici
458 742 650 796 Joannis
686 743 864 785 comitis
900 743 955 785 de
991 744 1195 793 Tarnow,
1234 744 1424 799 palatini
1462 744 1651 786 Russiae
1686 748 1731 786 et
1768 758 1892 786 exer—

196 814 371 856 cituum
394 814 518 869 regni
542 813 754 856 Poloniae
778 814 1005 869 capitanei
1028 814 1259 869 generalis,
1285 829 1420 869 quem
1445 815 1516 857 ille
1540 815 1676 857 variis
1699 815 1745 856 in
1768 815 1889 864 locis,

194 899 250 927 ne
278 884 421 926 hostis
449 888 623 926 certum
650 898 890 926 numerum
918 885 1028 926 scire
1055 890 1221 940 posset,
1250 886 1489 940 collegerat
1517 889 1562 927 et
1591 885 1889 941 disposuerat,

139 973 178 1001 ιο
195 960 239 998 et
271 969 362 997 non
392 955 538 997 multo
569 960 676 997 ante
707 955 875 998 festum
902 955 1057 998 Sancti
1085 956 1247 1011 Jacobi
1276 956 1336 998 ad
1365 956 1476 1006 loca,
1499 970 1616 1011 quae
1644 956 1887 1012 praedictis

194 1026 338 1068 hostis
375 1026 560 1068 firmata
596 1031 739 1076 erant,
778 1026 1011 1068 admoveri
1048 1026 1251 1077 iusserat,
1290 1027 1622 1083 constabatque
1658 1031 1785 1069 totus
1821 1027 1892 1069 ille

194 1097 419 1139 exercitus
440 1097 683 1152 equitibus,
707 1102 886 1152 praeter
907 1110 991 1150 300
1012 1098 1200 1153 pedites,
1224 1098 1302 1153 qui
1323 1098 1542 1140 machinis
1563 1102 1608 1140 et
1630 1098 1892 1140 bombardis

195 1172 325 1210 erant
355 1168 540 1210 addicti.
573 1169 643 1210 Ex
673 1169 740 1210 his
769 1168 999 1224 equitibus
1028 1168 1121 1223 ipse
1150 1168 1414 1224 capitaneus
1441 1169 1660 1224 generalis
1688 1169 1891 1224 permisit

196 1251 309 1281 2000
348 1243 392 1281 et
432 1239 605 1294 aliquot
644 1244 828 1281 centum
866 1239 1054 1294 equites,
1095 1239 1173 1294 qui
1209 1243 1388 1294 praeter
1425 1239 1728 1281 Valachorum
1765 1253 1892 1295 spem

139 1328 175 1355 15
195 1314 240 1351 et
270 1309 507 1352 scientiam
535 1310 672 1351 variis
699 1310 745 1351 in
773 1310 880 1352 locis
908 1310 1189 1365 provinciam
1217 1310 1339 1352 illam
1368 1310 1564 1353 Pokucie
1591 1310 1889 1353 adorirentur.

195 1381 501 1422 Valachorum
535 1380 703 1422 ibidem
737 1381 782 1422 in
816 1380 1048 1436 praesidiis
1081 1385 1210 1422 erant
1245 1381 1448 1422 fortassis
1484 1393 1594 1435 1400
1628 1381 1745 1423 bello
1779 1381 1890 1437 apti,

195 1456 374 1506 praeter
400 1451 536 1493 aliam
557 1451 808 1494 colluviem.
839 1451 997 1493 Poloni
1023 1452 1187 1493 milites
1213 1452 1433 1493 mandata
1459 1451 1685 1507 capitanei
1710 1456 1892 1494 strenue

195 1526 485 1577 exequentes,
516 1536 607 1564 non
637 1536 728 1564 una
757 1536 813 1564 ex
842 1527 972 1578 parte
1001 1536 1102 1564 eam
1132 1522 1413 1577 provinciam
1443 1523 1706 1565 invaserunt
1737 1523 1892 1565 confli-

195 1597 353 1648 gentes
389 1607 492 1635 cum
528 1593 749 1642 hostibus,
786 1593 953 1635 multos
1002 1593 1287 1635 trucidarunt
1324 1597 1368 1635 et
1404 1607 1495 1635 non
1531 1607 1700 1648 paucos
1735 1593 1781 1635 in
1817 1607 1891 1636 eos

140 1684 178 1710 20
197 1668 428 1719 ceperunt,
477 1663 594 1706 inter
641 1677 754 1719 quos
807 1669 935 1706 erant
984 1663 1184 1719 plerique
1230 1664 1369 1719 ipsius
1415 1664 1603 1707 Valachi
1649 1664 1892 1706 familiares

196 1739 241 1777 et
274 1735 435 1784 aulici;
470 1739 609 1790 atque
641 1735 686 1776 in
719 1734 896 1776 duobus
941 1734 1099 1776 diebus
1143 1738 1291 1776 totam
1336 1734 1458 1776 illam
1502 1735 1783 1790 provinciam
1826 1749 1892 1777 re-

197 1810 486 1860 cuperarunt,
527 1810 708 1860 praeter
741 1810 942 1847 castrum
969 1806 1168 1860 quodam
1209 1805 1484 1855 Gwozdziec,
1537 1805 1661 1861 quod
1711 1806 1892 1847 cuidam

194 1877 335 1918 nobili
366 1877 550 1925 Polono,
580 1876 811 1918 Turewski
839 1880 1118 1931 nuncupato,
1149 1876 1297 1918 fuerat
1327 1876 1609 1931 ademptum,
1632 1877 1716 1918 hoc
1736 1881 1891 1918 tamen

195 1948 335 1989 etiam
379 1947 515 2002 paulo
559 1952 662 2002 post
708 1947 966 1989 obsidentes
1023 1947 1068 1988 in
1112 1951 1390 2002 potestatem
1433 1960 1563 1988 suam
1606 1947 1888 2002 redegerunt.

137 2037 176 2064 25
196 2019 256 2060 Et
281 2018 343 2059 illi
368 2018 597 2073 quendam
621 2019 902 2073 praefectum
927 2018 1124 2059 militum
1148 2017 1339 2060 Wlodek
1362 2017 1543 2059 nomine
1563 2018 1890 2073 praefecerunt,

195 2089 329 2144 pauci
357 2103 412 2131 ex
440 2089 528 2131 ista
557 2089 830 2131 Polonorum
850 2088 1097 2144 irruptione
1120 2088 1438 2137 Valachorum,
1461 2089 1539 2143 qui
1558 2089 1889 2144 superfuerant,

195 2174 378 2201 evasere
409 2159 454 2201 in
486 2159 764 2202 Valachiam.
800 2160 919 2201 Huic
951 2159 1167 2201 victoriae
1199 2159 1463 2214 capitaneus
1493 2159 1711 2214 generalis
1742 2173 1891 2202 comes

195 2231 250 2272 de
276 2231 468 2272 Tarnow
491 2245 583 2272 non
608 2230 830 2279 interfuit,
857 2231 935 2272 sed
960 2234 1070 2272 tunc
1095 2229 1292 2286 potiores
1317 2230 1540 2272 exercitus
1565 2234 1717 2285 partes
1741 2244 1890 2272 rerum

195 2305 412 2343 eventum
453 2315 544 2343 non
586 2302 742 2356 procul
784 2301 1192 2356 praestolabantur.
1249 2300 1474 2342 Victoriae
1528 2314 1635 2342 vero
1676 2301 1890 2343 nuntium

140 2401 177 2427 30
195 2386 298 2414 cum
321 2372 595 2427 quibusdam
617 2372 824 2428 captivis,
848 2371 1010 2413 nobilis
1032 2371 1215 2426 quidem
1237 2371 1411 2412 iuvenis
1429 2371 1603 2427 Spytek
1624 2371 1679 2413 de
1699 2371 1891 2413 Tarnow

192 2443 318 2484 Serm⁰
354 2443 566 2485 Poloniae
611 2443 704 2498 regi
751 2442 1014 2485 Cracoviam
1060 2441 1337 2497 apportavit.
1388 2442 1528 2483 Paulo
1574 2446 1677 2497 post
1712 2443 1889 2497 appulit

194 2513 334 2555 etiam
372 2513 431 2555 ad
475 2513 629 2556 Ser¹¹¹³¹¹¹
669 2511 772 2555 Mtem
812 2513 1000 2568 Regiam
1049 2512 1300 2555 Generosus
1337 2512 1546 2554 dominus
1583 2512 1888 2568 Hieronymus

190 2583 463 2633 Szafraniec,
502 2584 580 2639 qui
617 2584 834 2640 plurimos
871 2598 927 2626 ex
965 2597 1017 2625 ea
1054 2583 1244 2625 victoria
1282 2583 1488 2637 captivos
1526 2583 1696 2625 attulit.
1738 2583 1890 2638 Hique

194 2654 406 2696 hincinde
440 2668 519 2710 per
552 2660 702 2697 castra
735 2655 855 2710 regia
890 2654 1116 2696 habentur
1150 2653 1395 2695 distributi.

138 2754 179 2780 35
342 2726 450 2767 Post
495 2726 612 2768 hanc
657 2730 893 2781 acceptam
937 2725 1111 2766 cladem
1155 2723 1378 2765 voievoda
1422 2724 1648 2766 Valachus
1692 2724 1890 2779 percitus

195 2809 366 2844 omnes,
397 2809 511 2850 quas
538 2796 699 2838 habuit
728 2796 894 2851 copias,
924 2809 1109 2837 suorum
1137 2794 1358 2849 congessit
1387 2799 1432 2836 et
1472 2795 1518 2836 in
1546 2799 1636 2836 tres
1664 2795 1889 2836 exercitus

193 2866 365 2915 divisit,
404 2871 592 2922 eratque
627 2881 842 2909 numerus
879 2866 1082 2908 omnium
1118 2879 1254 2920 supra
1291 2865 1453 2919 viginti
1489 2865 1641 2914 millia,
1681 2879 1783 2906 cum
1820 2866 1889 2907 his

194 2937 239 2977 in
264 2936 546 2991 provinciam
571 2937 767 2979 Pokucie
791 2936 1057 2992 perveniens
1080 2936 1193 2978 6000
1217 2935 1424 2990 equitum
1448 2935 1507 2977 ad
1530 2936 1888 2991 recuperandum

195 3011 396 3049 castrum
439 3007 699 3049 Gwozdziec
742 3007 958 3063 permisit.
1005 3007 1072 3048 De
1114 3020 1205 3061 quo
1248 3006 1410 3048 certior
1452 3006 1600 3048 factus
1642 3020 1790 3048 comes
1833 3006 1889 3048 de

139 3105 178 3130 40
194 3078 386 3119 Tarnow
424 3078 688 3133 capitaneus
727 3078 944 3133 generalis
985 3082 1161 3118 mature
1201 3091 1304 3118 cum
1343 3081 1443 3119 toto
1482 3091 1563 3118 suo
1602 3077 1803 3118 exercitu
1841 3077 1887 3119 in

194 3148 276 3196 his,
310 3146 388 3201 qui
418 3148 538 3190 ultro
569 3162 615 3190 se
646 3148 915 3190 adiunxerat
948 3152 992 3190 et
1023 3147 1375 3189 succurrendum
1406 3147 1609 3197 obsessis,
1650 3151 1695 3190 et
1739 3152 1887 3190 castro

1911 976 1960 1005 23.
1984 967 2046 1006 Juli
