2209 3643
170 168 230 193 20.
259 158 347 194 Oct.
386 154 495 209 1504]
941 161 1016 195 No.
1039 161 1086 205 58
1815 169 1859 204 71

170 288 302 329 alicui
335 302 389 330 ex
421 288 526 337 suis,
560 293 610 330 ut
644 302 725 330 suo
757 290 879 331 iussu
912 294 1050 344 atque
1083 304 1166 345 ope
1198 290 1429 331 sufficiens
1460 289 1737 344 idoneusque
1769 289 1863 330 eius

170 358 282 400 artis
314 359 511 414 phisicus
544 360 817 409 inveniatur,
853 361 897 402 id
931 361 1053 415 quod
1087 361 1144 402 ad
1178 361 1448 415 singularem
1483 374 1611 402 suam
1645 374 1749 415 erga
1782 373 1863 401 nos

169 430 392 471 hactenus
431 436 659 472 ostensam
700 444 876 486 semper
915 432 1270 473 benivolentiam
1292 446 1372 487 pro
1399 432 1493 473 iure
1533 436 1720 473 mutuae
1760 445 1863 472 con-

171 500 491 542 foederationis
524 502 636 543 sciat
673 508 792 544 certe
826 517 1107 544 accessurum
1143 507 1186 544 et
1222 503 1481 558 waywodae
1515 516 1604 544 non
1639 507 1735 544 tam
1769 516 1863 543 rem

137 572 481 619 snecessariam,
513 586 650 627 quam
682 574 811 614 nobis
852 574 1155 628 gratissimam
1198 574 1439 615 facturum.
1473 574 1620 628 Quam
1651 577 1864 628 optamus

170 642 247 683 diu
278 642 450 684 felicem
480 658 531 685 ac
560 644 830 686 incolumem
862 645 918 686 ad
948 650 1057 686 vota
1086 659 1167 686 sua
1195 645 1356 686 valere.
1389 645 1575 686 Datum.

314 737 445 781 (Liber
474 738 734 772 formularum
764 738 1048 784 archiepiscopi
1069 739 1222 773 Nicolai
1251 739 1366 779 Olah,
1398 739 1463 772 fol.
1500 748 1581 772 102.
1614 738 1864 773 Bibliotheca

170 800 394 831 conventus
427 798 475 831 de
502 798 632 843 Jaszo.
662 798 734 832 Ms.
761 798 834 831 No.
864 798 937 842 78.)

976 949 1043 991 58.

114 1068 149 1094 10
534 1060 1011 1115 Gyergydszentmiklo's,
1046 1073 1113 1102 20.
1149 1060 1339 1102 Octobris
1370 1072 1497 1114 1504.

379 1150 568 1188 Andreas
599 1150 730 1189 Lazar
756 1151 943 1200 Johanni
973 1151 1188 1201 Tharczay
1218 1150 1362 1189 comiti
1388 1150 1635 1189 Siculorum.

310 1249 548 1292 Consesssns
592 1251 820 1291 comitatus
866 1251 1143 1292 Hdro-msze'k.
1193 1252 1365 1293 Timent
1412 1252 1615 1293 ultionem
1658 1252 1862 1293 vaivodae

170 1321 423 1363 Valaclziae.
455 1321 679 1362 Nmztimn
707 1322 910 1362 vaivodae
938 1322 992 1363 M
997 1322 1203 1363 oldaviae.

309 1428 554 1470 Servitium
592 1428 905 1470 fidelissimum
944 1443 1047 1470 cum
1084 1429 1445 1484 promptitudine
1482 1429 1744 1471 famulatus

112 1517 148 1544 15
312 1499 550 1553 Magnifice
603 1499 796 1540 domine.
846 1500 945 1541 Hoc
992 1499 1103 1541 scire
1140 1500 1228 1540 Vm*
1272 1500 1638 1555 Magnificentiae
1685 1501 1861 1551 damus,

167 1570 291 1624 quod
331 1570 386 1612 de
426 1570 619 1625 negotiis
659 1570 883 1619 omnibus,
926 1584 1040 1625 quae
1075 1570 1184 1611 mihi
1224 1571 1484 1620 nuntiastis,
1515 1571 1864 1614 cumfratribus

166 1645 211 1682 et
239 1641 395 1683 amicis
421 1641 587 1683 nostris
602 1641 657 1682 de
683 1641 850 1682 eisdem
878 1641 1158 1683 confabulati
1185 1655 1355 1691 sumus,
1377 1642 1616 1697 praecipue
1643 1642 1687 1683 in
1717 1642 1863 1684 tribus

167 1712 366 1762 sedibus,
417 1726 556 1767 prope
607 1717 753 1754 metas
802 1712 1202 1767 Transalpinenses
1258 1713 1660 1763 commorantibus,
1712 1718 1757 1755 et
1808 1714 1864 1756 de

168 1784 325 1825 futura
369 1783 718 1839 congregatione
754 1784 864 1825 haec
896 1783 1315 1833 determinavimus,
1356 1798 1411 1826 ex
1457 1798 1549 1839 quo
1594 1784 1679 1839 ipsi
1724 1784 1863 1826 trium

114 1873 151 1898 20
168 1854 343 1896 sedium
358 1854 494 1896 Siculi
510 1855 569 1896 ad
585 1855 775 1896 eandem
792 1854 958 1895 intrare
976 1855 1232 1903 noluerunt,
1250 1856 1389 1897 talem
1405 1869 1589 1897 causam
1606 1855 1841 1897 obiciendo
1852 1869 1861 1905 ;

168 1925 377 1968 waivoda
399 1926 518 1967 enim
541 1925 930 1980 Transalpinensis
952 1926 1182 1966 hominem
1205 1939 1336 1967 suum
1360 1926 1598 1981 specialem
1622 1940 1724 1968 cum
1747 1927 1864 1981 lega—

169 1998 292 2040 tione
310 1997 392 2038 tali
410 1997 469 2038 ad
486 2010 562 2038 eos
580 1997 780 2045 miserat,
800 2001 850 2037 ut
870 2010 895 2037 a
913 1997 1049 2038 modo
1067 2001 1163 2037 tam
1180 1997 1337 2038 Turcis
1354 1997 1544 2038 liberum
1562 1997 1647 2038 iter
1664 1997 1864 2039 intrandi

169 2069 227 2110 ad
258 2068 405 2110 dictas
436 2073 527 2109 tres
557 2068 684 2109 sedes
714 2068 964 2123 praeberet,
997 2081 1135 2121 quam
1166 2068 1304 2109 etiam
1335 2068 1373 2108 V
1377 2068 1558 2117 alachis,
1591 2073 1636 2110 et
1666 2068 1864 2110 finaliter

168 2139 302 2181 nullis
342 2138 533 2180 inimicis
575 2153 731 2181 eorum
773 2138 954 2180 obstare
995 2138 1118 2187 velit,
1162 2144 1206 2180 et
1259 2143 1444 2193 propter
1483 2140 1599 2180 hanc
1640 2138 1863 2181 rationem

113 2227 151 2253 25
168 2224 222 2251 ea
255 2210 403 2251 facere
437 2210 568 2259 dixit,
605 2211 713 2265 quia
747 2223 850 2251 cum
884 2209 1091 2251 waivoda
1126 2209 1345 2264 Bogdano
1378 2210 1674 2252 Moldaviensi
1712 2214 1862 2252 essent

169 2285 329 2324 contra
364 2294 468 2322 eum
503 2281 766 2323 concordati
813 2285 857 2321 et
894 2280 1024 2329 uniti,
1061 2285 1246 2335 propter
1284 2281 1406 2335 quod
1440 2281 1650 2323 waivoda
1701 2281 1863 2322 Trans-

169 2352 348 2407 alpinus
380 2352 610 2394 vindicare
642 2351 864 2407 promisit,
892 2356 936 2392 et
964 2351 1147 2392 eaedem
1169 2355 1260 2392 tres
1279 2351 1405 2392 sedes
1434 2366 1457 2393 e
1485 2352 1635 2393 medio
1662 2352 1863 2406 ipsorum

170 2423 346 2478 aliquos
390 2423 622 2465 inmittere
674 2423 986 2470 decreverunt,
1028 2426 1079 2463 ut
1120 2422 1458 2464 sciscitarentur
1497 2423 1552 2464 de
1600 2427 1696 2464 tam
1735 2422 1863 2477 gravi

168 2494 410 2536 voluntate
436 2494 686 2543 waivodae,
708 2499 759 2536 ut
793 2493 828 2533 si
850 2498 980 2541 esset,
1002 2506 1199 2534 unacum
1219 2493 1289 2533 ΥΠ
1312 2493 1632 2535 Dominatione
1660 2498 1704 2535 et
1726 2507 1863 2548 regno

117 2581 152 2607 30
170 2566 338 2620 seipsos
390 2570 550 2607 contra
580 2565 775 2607 eundem
809 2563 1071 2605 deffendere
1114 2568 1539 2619 appromptuarent‚
1589 2568 1863 2619 propterque

170 2636 394 2685 videlicet,
430 2641 481 2677 ut
516 2650 671 2678 eorum
706 2636 917 2677 inmissus
950 2634 1138 2675 nuntius
1172 2634 1350 2683 rediret,
1387 2635 1674 2689 congregatio
1709 2635 1864 2676 futura

169 2707 373 2762 proxime
399 2711 717 2762 prorogaretur
743 2707 801 2748 ad
828 2705 985 2746 feriam
1012 2704 1257 2746 secundam
1284 2705 1538 2760 proximam
1564 2710 1668 2760 post
1694 2706 1862 2747 festum

168 2778 361 2820 Simonis
393 2783 437 2819 et
467 2778 616 2832 Judae
649 2778 973 2832 apostolorum,
1007 2775 1052 2817 in
1085 2789 1176 2830 qua
1208 2776 1544 2818 confabulando
1575 2781 1620 2818 et
1653 2776 1862 2818 determi-

170 2849 323 2891 nando
352 2863 456 2890 cum
484 2849 555 2889 Vra
595 2848 918 2890 Dominatione
947 2847 1008 2887 sic
1030 2846 1366 2896 concludamus,
1389 2848 1509 2888 unde
1535 2852 1712 2888 nosmet
1742 2847 1862 2902 ipsos

117 2933 152 2960 35
171 2919 427 2961 deffendere
465 2933 716 2974 queamus.
741 2953 748 2960 .
773 2954 779 2960 .
824 2919 955 2966 Item,
987 2917 1119 2958 sicuti
1148 2917 1412 2959 Dominatio
1434 2918 1504 2958 Vsa
1543 2932 1615 2959 me
1652 2923 1862 2973 rogatum

170 2991 408 3039 habuerat,
438 2994 490 3031 ut
520 2990 579 3032 ad
606 2990 861 3031 waivodam
891 2987 1244 3029 Moldaviensem
1273 2989 1501 3030 hominem
1530 3002 1681 3030 meum
1710 2989 1862 3030 inmit-

171 3049 570 3110 terem,'miseram
602 3065 647 3102 et
680 3060 868 3108 revenit,
894 3064 938 3100 et
967 3059 1082 3099 hanc
1112 3058 1376 3100 relationem
1396 3059 1603 3101 waivoda
1624 3059 1862 3101 Moldavus

172 3131 227 3173 de
250 3131 442 3185 negotiis
465 3131 551 3172 illis
574 3131 680 3173 fecit
704 3145 710 3172 :
742 3130 788 3172 Si
812 3129 1008 3184 cuipiam
1033 3129 1280 3170 amicorum
1304 3144 1507 3172 meorum
1531 3144 1612 3185 ego
1636 3131 1860 3185 placuero,

1884 2787 1913 2814 4.
1937 2778 2018 2811 Nov,
