2209 3643
295 201 365 234 180
1049 198 1123 232 No.
1149 209 1220 244 137
1758 196 1860 251 [Jan.
1886 212 1982 247 1529

441 330 500 371 Et
529 330 565 370 si
593 328 800 370 waivoda
828 328 1055 369 existimet
1085 341 1197 383 opus
1223 342 1319 370 esse
1346 329 1476 371 novis
1503 330 1673 371 nuntiis
1701 330 1760 371 ad
1787 331 1983 373 Turcum

295 400 530 441 mittendis
561 399 619 440 ad
649 399 861 440 effectum
891 398 1075 439 iucundi
1104 398 1307 440 inducias
1336 399 1446 449 illas,
1479 400 1602 455 quod
1631 400 1686 442 de
1715 415 1768 442 eo
1796 402 1983 444 nuntius

294 475 447 512 noster
492 469 859 510 informationem
906 468 1098 523 accipiat
1145 473 1190 511 et
1250 474 1388 519 curet,
1437 470 1560 525 quod
1606 471 1699 526 ipse
1746 472 1984 514 Moldavus

294 540 473 582 interim
517 553 598 594 pro
641 539 1001 581 salvoconductu
1045 539 1103 581 ad
1145 540 1391 582 transitum
1435 541 1679 583 eorundem
1722 543 1985 585 nuntiorum

293 611 542 652 necessario
569 610 757 652 laboret.
2024 629 2040 654 5

440 681 522 721 Vel
561 681 739 722 sidicat
781 685 962 735 treugas
1002 681 1186 723 omnino
1213 682 1407 723 obtineri
1445 696 1536 724 non
1574 697 1718 738 posse,
1752 684 1986 726 consilium

293 752 386 793 eius
407 755 550 806 petat,
574 752 817 806 quomodo,
841 752 1036 806 qualiter
1057 766 1109 809 ac
1130 766 1221 807 quo
1242 757 1445 808 tempore
1466 758 1510 795 et
1531 754 1629 795 loco
1649 754 1707 796 sit
1729 755 1987 810 aggredien-

294 823 378 864 dus
410 822 504 877 ipse
536 823 707 864 Turcus
741 826 1009 878 caeteraque
1056 823 1114 864 ad
1160 823 1415 865 istiusmodi
1461 825 1795 880 expeditionem
1841 826 1986 868 deser-

294 893 478 935 vientia.

440 964 493 1004 In
519 964 707 1006 caeteris
732 978 840 1006 vero
865 978 947 1006 nos
972 965 1258 1020 saepedictus
1284 966 1472 1007 nuntius
1497 971 1650 1008 noster
1674 967 1855 1022 reliquis
1881 968 1988 1009 arti-
2003 982 2038 1009 10

294 1035 417 1083 culis,
444 1048 557 1089 quos
580 1035 805 1090 prioribus
829 1036 1001 1078 nuntiis
1025 1037 1191 1077 nostris
1216 1037 1364 1078 adhuc
1389 1037 1512 1092 apud
1535 1038 1731 1079 Turcum
1756 1039 1989 1080 existenti-

293 1106 378 1147 bus
400 1105 619 1155 dedimus,
643 1111 813 1148 asserat
836 1107 1079 1157 inhaerere,
1104 1121 1219 1162 quae
1241 1108 1277 1148 si
1299 1108 1435 1150 modo
1456 1108 1661 1150 induciae
1682 1110 1810 1159 fiant,
1834 1109 1989 1152 debito

295 1176 430 1218 modo
454 1176 622 1218 includi
646 1177 834 1232 possint.

440 1247 614 1290 Habita
647 1262 750 1303 ergo
782 1249 1054 1290 resolutione
1086 1249 1319 1291 waivodae
1351 1263 1432 1291 nos
1465 1249 1583 1291 idem
1616 1251 1804 1292 nuntius
1836 1256 1990 1293 noster

294 1319 349 1360 de
379 1318 588 1360 omnibus
617 1319 682 1368 iis,
714 1319 880 1374 quibus
908 1320 1109 1362 ulteriori
1138 1321 1450 1362 commissione
1479 1325 1559 1362 aut
1589 1322 1806 1377 rescripto
1833 1326 1989 1364 nostro
2004 1337 2042 1364 15

296 1389 552 1443 indiguerit,
582 1391 921 1446 quamprimum
961 1391 1206 1433 admoneat
1247 1392 1502 1447 mentisque
1542 1397 1722 1434 nostrae
1755 1393 1989 1435 resolutio-

296 1475 399 1502 nem
434 1461 605 1503 interea
639 1466 848 1516 expectet
884 1462 956 1503 vel
990 1462 1027 1503 si
1061 1462 1270 1517 expedire
1305 1463 1516 1504 videatur
1549 1467 1594 1504 et
1629 1477 1780 1505 secure
1815 1464 1874 1505 ad
1907 1477 1989 1505 nos

295 1532 437 1574 redire
459 1538 625 1587 posset,
650 1533 819 1574 redeat.
846 1533 900 1574 In
922 1533 1178 1587 praemissis
1201 1538 1355 1575 autem
1378 1547 1557 1575 omnem
1580 1547 1708 1576 suam
1731 1535 1989 1590 possibilem

297 1603 576 1657 diligentiam
603 1603 817 1645 adhibeat
844 1617 986 1659 eaque
1011 1604 1148 1646 modo
1171 1605 1451 1660 praescripto
1476 1618 1604 1660 agere
1629 1609 1673 1646 et
1700 1605 1759 1647 ad
1783 1605 1989 1647 debitum

295 1674 431 1715 finem
469 1674 712 1729 perducere
752 1679 952 1716 conetur.
994 1675 1211 1717 Nostram
1250 1676 1294 1717 in
1333 1690 1385 1717 eo
1423 1689 1680 1731 expressam
1719 1681 1990 1718 executurus
2011 1692 2046 1718 20

296 1745 594 1787 voluntatem.
624 1747 835 1787 Datum.1

638 1851 893 1897 (Conceptus.
931 1852 1219 1891 Staatsarchiv,
1259 1853 1384 1886 Vx'ien.
1424 1853 1682 1897 Hungarica.)

438 2006 450 2026 1
482 2006 663 2040 Andreas
706 2006 967 2052 Mihalewyth
1011 2007 1088 2040 fuit
1137 2007 1348 2052 expeditus
1397 2018 1419 2041 a
1463 2018 1551 2052 rege
1601 2008 1853 2042 Ferdinando
1900 2019 1992 2042 curn

298 2065 373 2098 hoc
404 2066 624 2099 mandato:
654 2065 809 2110 Egregie
847 2065 971 2109 fidelis
1011 2066 1152 2100 dilecte.
1193 2066 1492 2100 Committimus
1531 2067 1606 2101 tibi
1644 2067 1753 2100 omni
1792 2067 1903 2107 serio,
1946 2070 1992 2102 ut

298 2124 330 2156 si
353 2125 531 2158 nondum
553 2128 594 2158 te
615 2125 763 2159 isthinc
784 2125 959 2164 movisti,
984 2125 1124 2159 statim
1147 2125 1242 2159 visis
1263 2126 1552 2170 praesentibus,
1576 2129 1617 2160 te
1639 2126 1771 2160 itineri
1792 2130 1864 2161 tuo
1886 2137 1990 2160 corn-
2004 2128 2042 2154 25

298 2183 438 2217 mittas
469 2186 509 2217 et
539 2194 596 2223 ea,
629 2195 734 2229 quae
763 2184 839 2218 tibi
869 2184 909 2217 in
940 2184 1143 2218 mandatis
1173 2185 1357 2219 dedimus
1386 2185 1570 2231 protinus
1600 2189 1640 2219 et
1670 2186 1786 2220 iuxta
1814 2188 1991 2220 mentem

298 2245 477 2276 nostram
503 2243 723 2288 exequaris.
754 2243 800 2277 In
827 2254 953 2289 eoque
979 2243 1077 2277 nihil
1101 2247 1142 2278 te
1171 2244 1467 2290 (quodcumque
1492 2244 1628 2289 etiam)
1658 2245 1846 2278 remorari
1885 2245 1992 2279 sinas

297 2301 663 2347 profectionemque
700 2306 826 2342 tuam,
864 2306 1064 2348 quantum
1099 2306 1214 2348 potes
1249 2303 1452 2337 acceleres.
1490 2304 1579 2348 Quo
1614 2314 1708 2337 vero
1744 2304 1905 2338 celerior
1939 2304 1992 2338 sit

299 2360 501 2405 expeditio
518 2364 589 2395 tua
606 2372 676 2406 per
693 2362 935 2396 consiliarios
953 2373 1133 2396 camerae
1150 2365 1309 2396 nostrae
1326 2363 1435 2407 regni
1451 2363 1566 2397 istius
1583 2362 1767 2397 facienda
1783 2363 1992 2397 scribimus

299 2419 446 2453 eisdem
461 2431 532 2465 per
546 2431 723 2454 annexas
738 2424 907 2460 nostras,
926 2425 971 2455 ut
986 2425 1027 2455 te
1042 2422 1182 2456 statim
1198 2422 1415 2467 expediant
1430 2433 1453 2456 a
1467 2422 1614 2467 quibus
1630 2422 1752 2456 etiam
1767 2422 1799 2456 si
1814 2422 1991 2468 aliquam
2006 2423 2043 2449 30

299 2477 339 2511 in
374 2479 628 2523 expeditione
662 2483 734 2514 tua
769 2480 1051 2514 difficultatem
1089 2480 1211 2526 (quod
1245 2484 1383 2515 tamen
1417 2491 1496 2514 non
1531 2481 1742 2525 eredimus)
1779 2481 1992 2516 habiturus

300 2547 414 2576 esses,
448 2538 705 2573 nihilominus
735 2542 776 2573 te
796 2540 960 2574 omnino
980 2550 1092 2574 cures
1112 2540 1258 2574 isthinc
1288 2540 1494 2574 absolvere
1524 2543 1564 2574 et
1594 2551 1674 2574 non
1704 2541 1875 2575 tardare.
1907 2540 1991 2574 Nos

300 2599 435 2629 autem
461 2597 510 2630 de
529 2597 607 2630 fine
627 2600 667 2631 et
688 2602 834 2632 eventu
855 2598 1064 2643 legationis
1087 2599 1202 2633 istius
1225 2599 1525 2644 quamprimum
1549 2610 1672 2644 quarn
1692 2598 1991 2643 diligentissime

299 2658 440 2698 postea
468 2656 671 2690 certifices.
700 2658 820 2691 Secus
848 2658 1012 2692 minime
1041 2658 1231 2692 facturus.
1263 2659 1416 2692 Datum
1446 2658 1654 2703 Inspruck,
1691 2658 1789 2691 feria
1816 2658 1991 2691 secunda

136 2716 163 2736 1·
188 2707 274 2738 Febr.
302 2713 486 2757 proxima
519 2719 612 2759 post
647 2716 887 2750 dominicam
924 2717 1223 2761 Sexagesimam
1262 2728 1370 2762 1529.
1411 2718 1662 2762 (Conceptus.
1697 2716 1986 2756 Staatsarchiv,
2005 2717 2040 2743 35

302 2772 427 2806 XVien.
462 2774 720 2818 Hungarica.)
