<?xml version="1.0" encoding="UTF-8"?>
<!DOCTYPE html PUBLIC "-//W3C//DTD XHTML 1.0 Transitional//EN"
    "http://www.w3.org/TR/xhtml1/DTD/xhtml1-transitional.dtd">
<html xmlns="http://www.w3.org/1999/xhtml" xml:lang="en" lang="en">
 <head>
  <title>
</title>
<meta http-equiv="Content-Type" content="text/html;charset=utf-8" />
  <meta name='ocr-system' content='tesseract 3.04.00' />
  <meta name='ocr-capabilities' content='ocr_page ocr_carea ocr_par ocr_line ocrx_word'/>
</head>
<body>
  <div class='ocr_page' id='page_1' title='image "actaetepistolaer01vereuoft_0334.png"; bbox 0 0 2209 3643; ppageno 0'>
   <div class='ocr_carea' id='block_1_1' title="bbox 292 198 1990 252">
    <p class='ocr_par' dir='ltr' id='par_1_1' title="bbox 292 198 1990 252">
     <span class='ocr_line' id='line_1_1' title="bbox 292 198 1990 252; baseline -0.001 -14"><span class='ocrx_word' id='word_1_1' title='bbox 292 215 365 249; x_wconf 87' lang='lat'>302</span> <span class='ocrx_word' id='word_1_2' title='bbox 989 203 1064 238; x_wconf 90' lang='lat' dir='ltr'>No.</span> <span class='ocrx_word' id='word_1_3' title='bbox 1089 205 1287 237; x_wconf 86' lang='lat'>260—261</span> <span class='ocrx_word' id='word_1_4' title='bbox 1764 198 1866 252; x_wconf 87' lang='lat' dir='ltr'>[Oct.</span> <span class='ocrx_word' id='word_1_5' title='bbox 1892 213 1990 248; x_wconf 87' lang='lat'>1540</span> 
     </span>
    </p>
   </div>
   <div class='ocr_carea' id='block_1_2' title="bbox 293 332 2042 686">
    <p class='ocr_par' dir='ltr' id='par_1_2' title="bbox 293 332 1991 529">
     <span class='ocr_line' id='line_1_2' title="bbox 293 332 1991 388; baseline 0 -12"><span class='ocrx_word' id='word_1_6' title='bbox 293 335 528 377; x_wconf 80' lang='lat' dir='ltr'>indubiam</span> <span class='ocrx_word' id='word_1_7' title='bbox 572 333 786 375; x_wconf 91' lang='lat' dir='ltr'>adhibere</span> <span class='ocrx_word' id='word_1_8' title='bbox 831 333 1042 387; x_wconf 80' lang='lat' dir='ltr'>dignetur</span> <span class='ocrx_word' id='word_1_9' title='bbox 1070 332 1196 374; x_wconf 74' lang='lat' dir='ltr'>Serma</span> <span class='ocrx_word' id='word_1_10' title='bbox 1230 332 1443 374; x_wconf 77' lang='lat' dir='ltr'>Maiestas</span> <span class='ocrx_word' id='word_1_11' title='bbox 1475 333 1651 375; x_wconf 89' lang='lat' dir='ltr'>Vestra.</span> <span class='ocrx_word' id='word_1_12' title='bbox 1687 333 1836 388; x_wconf 75' lang='lat' dir='ltr'>Quam</span> <span class='ocrx_word' id='word_1_13' title='bbox 1869 334 1991 376; x_wconf 91' lang='lat' dir='ltr'>Deus</span> 
     </span>
     <span class='ocr_line' id='line_1_3' title="bbox 294 403 1989 460; baseline 0 -13"><span class='ocrx_word' id='word_1_14' title='bbox 294 405 505 460; x_wconf 81' lang='lat' dir='ltr'>Optimus</span> <span class='ocrx_word' id='word_1_15' title='bbox 547 404 773 446; x_wconf 78' lang='lat' dir='ltr'>Maximus</span> <span class='ocrx_word' id='word_1_16' title='bbox 813 403 990 445; x_wconf 76' lang='lat' dir='ltr'>felicem</span> <span class='ocrx_word' id='word_1_17' title='bbox 1036 408 1080 445; x_wconf 88' lang='lat' dir='ltr'>et</span> <span class='ocrx_word' id='word_1_18' title='bbox 1121 403 1395 445; x_wconf 89' lang='lat' dir='ltr'>incolumem</span> <span class='ocrx_word' id='word_1_19' title='bbox 1447 417 1711 446; x_wconf 88' lang='lat' dir='ltr'>conservare</span> <span class='ocrx_word' id='word_1_20' title='bbox 1763 404 1989 459; x_wconf 80' lang='lat' dir='ltr'>dignetur,</span> 
     </span>
     <span class='ocr_line' id='line_1_4' title="bbox 294 474 1304 529; baseline -0.003 -11"><span class='ocrx_word' id='word_1_21' title='bbox 294 476 415 518; x_wconf 91' lang='lat' dir='ltr'>omni</span> <span class='ocrx_word' id='word_1_22' title='bbox 443 489 546 517; x_wconf 90' lang='lat' dir='ltr'>cum</span> <span class='ocrx_word' id='word_1_23' title='bbox 574 475 810 529; x_wconf 83' lang='lat' dir='ltr'>triumpho</span> <span class='ocrx_word' id='word_1_24' title='bbox 838 474 897 515; x_wconf 92' lang='lat' dir='ltr'>ad</span> <span class='ocrx_word' id='word_1_25' title='bbox 924 478 1035 515; x_wconf 89' lang='lat' dir='ltr'>vota</span> <span class='ocrx_word' id='word_1_26' title='bbox 1061 487 1144 515; x_wconf 89' lang='lat' dir='ltr'>sua</span> <span class='ocrx_word' id='word_1_27' title='bbox 1170 474 1304 529; x_wconf 89' lang='lat' dir='ltr'>regia.</span> 
     </span>
    </p>

    <p class='ocr_par' dir='ltr' id='par_1_3' title="bbox 437 544 1986 600">
     <span class='ocr_line' id='line_1_5' title="bbox 437 544 1986 600; baseline 0.001 -13"><span class='ocrx_word' id='word_1_28' title='bbox 437 547 610 587; x_wconf 89' lang='lat' dir='ltr'>Datum</span> <span class='ocrx_word' id='word_1_29' title='bbox 629 544 917 594; x_wconf 87' lang='lat' dir='ltr'>Bachloviae‚</span> <span class='ocrx_word' id='word_1_30' title='bbox 938 545 1104 586; x_wconf 79' lang='lat' dir='ltr'>mensis</span> <span class='ocrx_word' id='word_1_31' title='bbox 1119 545 1399 600; x_wconf 85' lang='lat' dir='ltr'>Septembris</span> <span class='ocrx_word' id='word_1_32' title='bbox 1418 557 1485 599; x_wconf 84' lang='lat'>24.</span> <span class='ocrx_word' id='word_1_33' title='bbox 1507 545 1640 587; x_wconf 90' lang='lat' dir='ltr'>Anno</span> <span class='ocrx_word' id='word_1_34' title='bbox 1658 545 1842 587; x_wconf 89' lang='lat' dir='ltr'>Domini</span> <span class='ocrx_word' id='word_1_35' title='bbox 1863 556 1986 600; x_wconf 85' lang='lat'>1540.</span> 
     </span>
    </p>

    <p class='ocr_par' dir='ltr' id='par_1_4' title="bbox 431 633 2042 686">
     <span class='ocr_line' id='line_1_6' title="bbox 431 633 2042 686; baseline 0.001 -13"><span class='ocrx_word' id='word_1_36' title='bbox 431 635 457 673; x_wconf 86' lang='grc' dir='ltr'><em>Ι</em></span> <span class='ocrx_word' id='word_1_37' title='bbox 460 635 663 674; x_wconf 76' lang='lat' dir='ltr'>ntitalatz&#39;o</span> <span class='ocrx_word' id='word_1_38' title='bbox 681 647 694 673; x_wconf 91' lang='lat'>.·</span> <span class='ocrx_word' id='word_1_39' title='bbox 721 633 992 673; x_wconf 84' lang='lat' dir='ltr'>Serenissimo</span> <span class='ocrx_word' id='word_1_40' title='bbox 1018 634 1198 686; x_wconf 89' lang='lat' dir='ltr'>principi</span> <span class='ocrx_word' id='word_1_41' title='bbox 1225 638 1268 673; x_wconf 90' lang='lat' dir='ltr'>et</span> <span class='ocrx_word' id='word_1_42' title='bbox 1295 634 1479 680; x_wconf 89' lang='lat' dir='ltr'>domino,</span> <span class='ocrx_word' id='word_1_43' title='bbox 1508 634 1680 674; x_wconf 91' lang='lat' dir='ltr'>domino</span> <span class='ocrx_word' id='word_1_44' title='bbox 1706 635 1987 681; x_wconf 88' lang='lat' dir='ltr'>Ferdinando,</span> <span class='ocrx_word' id='word_1_45' title='bbox 2026 642 2042 667; x_wconf 87' lang='lat'>5</span> 
     </span>
    </p>
   </div>
   <div class='ocr_carea' id='block_1_3' title="bbox 291 694 1987 806">
    <p class='ocr_par' dir='ltr' id='par_1_5' title="bbox 291 694 1987 806">
     <span class='ocr_line' id='line_1_7' title="bbox 293 694 1987 746; baseline 0.001 -13"><span class='ocrx_word' id='word_1_46' title='bbox 293 694 437 733; x_wconf 88' lang='lat' dir='ltr'>divina</span> <span class='ocrx_word' id='word_1_47' title='bbox 463 694 634 732; x_wconf 82' lang='lat' dir='ltr'>favente</span> <span class='ocrx_word' id='word_1_48' title='bbox 661 694 884 732; x_wconf 89' lang='lat' dir='ltr'>clementia</span> <span class='ocrx_word' id='word_1_49' title='bbox 911 695 1215 739; x_wconf 90' lang='lat' dir='ltr'>Romanorum,</span> <span class='ocrx_word' id='word_1_50' title='bbox 1239 694 1494 745; x_wconf 88' lang='lat' dir='ltr'>Hungariae,</span> <span class='ocrx_word' id='word_1_51' title='bbox 1516 694 1745 733; x_wconf 85' lang='lat' dir='ltr'>Bohemiae</span> <span class='ocrx_word' id='word_1_52' title='bbox 1776 694 1862 746; x_wconf 86' lang='lat' dir='ltr'>regi</span> <span class='ocrx_word' id='word_1_53' title='bbox 1893 699 1987 740; x_wconf 90' lang='lat' dir='ltr'>ete.,</span> 
     </span>
     <span class='ocr_line' id='line_1_8' title="bbox 291 753 1986 806; baseline 0.001 -14"><span class='ocrx_word' id='word_1_54' title='bbox 291 753 445 792; x_wconf 81' lang='lat' dir='ltr'>infanti</span> <span class='ocrx_word' id='word_1_55' title='bbox 460 753 775 806; x_wconf 80' lang='lat' dir='ltr'>Hispaniarum,</span> <span class='ocrx_word' id='word_1_56' title='bbox 792 753 1006 793; x_wconf 90' lang='lat' dir='ltr'>archiduci</span> <span class='ocrx_word' id='word_1_57' title='bbox 1020 753 1218 793; x_wconf 91' lang='lat' dir='ltr'>Austriae</span> <span class='ocrx_word' id='word_1_58' title='bbox 1235 758 1314 793; x_wconf 85' lang='lat' dir='ltr'>etc.</span> <span class='ocrx_word' id='word_1_59' title='bbox 1334 754 1518 793; x_wconf 91' lang='lat' dir='ltr'>Domino</span> <span class='ocrx_word' id='word_1_60' title='bbox 1535 754 1656 793; x_wconf 87' lang='lat' dir='ltr'>nobis</span> <span class='ocrx_word' id='word_1_61' title='bbox 1673 753 1986 805; x_wconf 89' lang='lat' dir='ltr'>gratiosissimo.</span> 
     </span>
    </p>
   </div>
   <div class='ocr_carea' id='block_1_4' title="bbox 620 838 1639 884">
    <p class='ocr_par' dir='ltr' id='par_1_6' title="bbox 620 838 1639 884">
     <span class='ocr_line' id='line_1_9' title="bbox 620 838 1639 884; baseline 0.001 -11"><span class='ocrx_word' id='word_1_62' title='bbox 620 838 846 883; x_wconf 86' lang='lat' dir='ltr'>(Originale.</span> <span class='ocrx_word' id='word_1_63' title='bbox 883 838 1170 879; x_wconf 85' lang='lat' dir='ltr'>Staatsarchiv,</span> <span class='ocrx_word' id='word_1_64' title='bbox 1212 839 1337 873; x_wconf 91' lang='lat' dir='ltr'>Wien.</span> <span class='ocrx_word' id='word_1_65' title='bbox 1381 839 1639 884; x_wconf 87' lang='lat' dir='ltr'>Hungarica.)</span> 
     </span>
    </p>
   </div>
   <div class='ocr_carea' id='block_1_5' title="bbox 750 993 2041 1158">
    <p class='ocr_par' dir='ltr' id='par_1_7' title="bbox 750 993 2041 1158">
     <span class='ocr_line' id='line_1_10' title="bbox 1087 993 1185 1035; baseline 0 0"><span class='ocrx_word' id='word_1_66' title='bbox 1087 993 1185 1035; x_wconf 84' lang='lat'><strong>260.</strong></span> 
     </span>
     <span class='ocr_line' id='line_1_11' title="bbox 750 1103 2041 1158; baseline 0.002 -14"><span class='ocrx_word' id='word_1_67' title='bbox 750 1103 913 1158; x_wconf 70' lang='lat' dir='ltr'>Lippa,</span> <span class='ocrx_word' id='word_1_68' title='bbox 943 1104 1101 1156; x_wconf 77' lang='lat' dir='ltr'>[initio</span> <span class='ocrx_word' id='word_1_69' title='bbox 1135 1103 1358 1157; x_wconf 78' lang='lat' dir='ltr'>Octobris]</span> <span class='ocrx_word' id='word_1_70' title='bbox 1386 1115 1512 1157; x_wconf 78' lang='lat'><strong><em>1540.</em></strong></span> <span class='ocrx_word' id='word_1_71' title='bbox 2004 1113 2041 1140; x_wconf 93' lang='lat'>10</span> 
     </span>
    </p>
   </div>
   <div class='ocr_carea' id='block_1_6' title="bbox 543 1193 1739 1245">
    <p class='ocr_par' dir='ltr' id='par_1_8' title="bbox 543 1193 1739 1245">
     <span class='ocr_line' id='line_1_12' title="bbox 543 1193 1739 1245; baseline 0.001 -14"><span class='ocrx_word' id='word_1_72' title='bbox 543 1193 723 1232; x_wconf 90' lang='lat' dir='ltr'>Isabella</span> <span class='ocrx_word' id='word_1_73' title='bbox 743 1193 884 1244; x_wconf 88' lang='lat' dir='ltr'>regina</span> <span class='ocrx_word' id='word_1_74' title='bbox 904 1194 1146 1245; x_wconf 86' lang='lat' dir='ltr'>Hungariae</span> <span class='ocrx_word' id='word_1_75' title='bbox 1164 1194 1363 1234; x_wconf 83' lang='lat' dir='ltr'>Severino</span> <span class='ocrx_word' id='word_1_76' title='bbox 1383 1195 1522 1233; x_wconf 87' lang='lat' dir='ltr'>Boner</span> <span class='ocrx_word' id='word_1_77' title='bbox 1542 1206 1566 1232; x_wconf 94' lang='lat' dir='ltr'>a</span> <span class='ocrx_word' id='word_1_78' title='bbox 1586 1193 1739 1232; x_wconf 86' lang='lat' dir='ltr'>Balice.</span> 
     </span>
    </p>
   </div>
   <div class='ocr_carea' id='block_1_7' title="bbox 435 1293 1985 1347">
    <p class='ocr_par' dir='ltr' id='par_1_9' title="bbox 435 1293 1985 1347">
     <span class='ocr_line' id='line_1_13' title="bbox 435 1293 1985 1347; baseline 0.001 -13"><span class='ocrx_word' id='word_1_79' title='bbox 435 1293 678 1334; x_wconf 77' lang='lat' dir='ltr'>Desideriis</span> <span class='ocrx_word' id='word_1_80' title='bbox 698 1293 973 1345; x_wconf 72' lang='lat' dir='ltr'>satisfaciens</span> <span class='ocrx_word' id='word_1_81' title='bbox 992 1293 1104 1335; x_wconf 79' lang='lat' dir='ltr'>duas</span> <span class='ocrx_word' id='word_1_82' title='bbox 1118 1294 1168 1335; x_wconf 75' lang='lat' dir='ltr'>in</span> <span class='ocrx_word' id='word_1_83' title='bbox 1187 1294 1512 1347; x_wconf 67' lang='lat' dir='ltr'>Transylvania</span> <span class='ocrx_word' id='word_1_84' title='bbox 1533 1294 1640 1336; x_wconf 72' lang='lat' dir='ltr'>sitas</span> <span class='ocrx_word' id='word_1_85' title='bbox 1654 1308 1771 1336; x_wconf 77' lang='lat' dir='ltr'>arces</span> <span class='ocrx_word' id='word_1_86' title='bbox 1786 1293 1826 1335; x_wconf 78' lang='lat' dir='ltr'>ei</span> <span class='ocrx_word' id='word_1_87' title='bbox 1839 1294 1985 1336; x_wconf 78' lang='lat' dir='ltr'>tradit.</span> 
     </span>
    </p>
   </div>
   <div class='ocr_carea' id='block_1_8' title="bbox 291 1401 2040 2166">
    <p class='ocr_par' dir='ltr' id='par_1_10' title="bbox 291 1401 2040 2096">
     <span class='ocr_line' id='line_1_14' title="bbox 437 1401 1988 1456; baseline 0 -14"><span class='ocrx_word' id='word_1_88' title='bbox 437 1401 563 1456; x_wconf 73' lang='lat' dir='ltr'>Quae</span> <span class='ocrx_word' id='word_1_89' title='bbox 586 1414 719 1455; x_wconf 88' lang='lat' dir='ltr'>porro</span> <span class='ocrx_word' id='word_1_90' title='bbox 743 1415 891 1442; x_wconf 87' lang='lat' dir='ltr'>rerum</span> <span class='ocrx_word' id='word_1_91' title='bbox 914 1406 1172 1443; x_wconf 90' lang='lat' dir='ltr'>nostrarum</span> <span class='ocrx_word' id='word_1_92' title='bbox 1197 1401 1398 1443; x_wconf 87' lang='lat' dir='ltr'>conditio</span> <span class='ocrx_word' id='word_1_93' title='bbox 1420 1401 1478 1442; x_wconf 89' lang='lat' dir='ltr'>sit</span> <span class='ocrx_word' id='word_1_94' title='bbox 1501 1415 1507 1442; x_wconf 88' lang='grc'>;</span> <span class='ocrx_word' id='word_1_95' title='bbox 1534 1414 1641 1443; x_wconf 91' lang='lat' dir='ltr'>sane</span> <span class='ocrx_word' id='word_1_96' title='bbox 1665 1405 1710 1442; x_wconf 90' lang='lat' dir='ltr'>te</span> <span class='ocrx_word' id='word_1_97' title='bbox 1733 1401 1875 1443; x_wconf 89' lang='lat' dir='ltr'>celare</span> <span class='ocrx_word' id='word_1_98' title='bbox 1897 1414 1988 1442; x_wconf 92' lang='lat' dir='ltr'>non</span> 
     </span>
     <span class='ocr_line' id='line_1_15' title="bbox 292 1472 1988 1527; baseline 0.001 -15"><span class='ocrx_word' id='word_1_99' title='bbox 292 1485 544 1527; x_wconf 90' lang='lat' dir='ltr'>possumus,</span> <span class='ocrx_word' id='word_1_100' title='bbox 571 1472 682 1513; x_wconf 86' lang='lat' dir='ltr'>nihil</span> <span class='ocrx_word' id='word_1_101' title='bbox 707 1472 900 1527; x_wconf 90' lang='lat' dir='ltr'>amplius</span> <span class='ocrx_word' id='word_1_102' title='bbox 924 1486 1006 1514; x_wconf 91' lang='lat' dir='ltr'>nos</span> <span class='ocrx_word' id='word_1_103' title='bbox 1031 1472 1086 1514; x_wconf 95' lang='lat' dir='ltr'>de</span> <span class='ocrx_word' id='word_1_104' title='bbox 1119 1472 1328 1514; x_wconf 87' lang='lat' dir='ltr'>dotalitio</span> <span class='ocrx_word' id='word_1_105' title='bbox 1353 1477 1507 1514; x_wconf 90' lang='lat' dir='ltr'>nostro</span> <span class='ocrx_word' id='word_1_106' title='bbox 1531 1472 1771 1527; x_wconf 90' lang='lat' dir='ltr'>possidere,</span> <span class='ocrx_word' id='word_1_107' title='bbox 1809 1476 1988 1527; x_wconf 90' lang='lat' dir='ltr'>praeter</span> 
     </span>
     <span class='ocr_line' id='line_1_16' title="bbox 294 1542 2040 1598; baseline 0 -14"><span class='ocrx_word' id='word_1_108' title='bbox 294 1543 383 1584; x_wconf 93' lang='lat' dir='ltr'>duo</span> <span class='ocrx_word' id='word_1_109' title='bbox 407 1548 569 1592; x_wconf 91' lang='lat' dir='ltr'>castra,</span> <span class='ocrx_word' id='word_1_110' title='bbox 591 1543 846 1584; x_wconf 78' lang='lat' dir='ltr'>Solmosum</span> <span class='ocrx_word' id='word_1_111' title='bbox 868 1547 913 1584; x_wconf 93' lang='lat' dir='ltr'>et</span> <span class='ocrx_word' id='word_1_112' title='bbox 937 1543 1144 1598; x_wconf 90' lang='lat' dir='ltr'>Lippam,</span> <span class='ocrx_word' id='word_1_113' title='bbox 1169 1557 1361 1598; x_wconf 85' lang='lat' dir='ltr'>quorum</span> <span class='ocrx_word' id='word_1_114' title='bbox 1383 1557 1490 1585; x_wconf 89' lang='lat' dir='ltr'>sane</span> <span class='ocrx_word' id='word_1_115' title='bbox 1511 1543 1682 1585; x_wconf 89' lang='lat' dir='ltr'>reditus</span> <span class='ocrx_word' id='word_1_116' title='bbox 1704 1543 1817 1585; x_wconf 88' lang='lat' dir='ltr'>adeo</span> <span class='ocrx_word' id='word_1_117' title='bbox 1838 1542 1987 1598; x_wconf 84' lang='lat' dir='ltr'>exigui</span> <span class='ocrx_word' id='word_1_118' title='bbox 2001 1563 2040 1590; x_wconf 79' lang='lat'>15</span> 
     </span>
     <span class='ocr_line' id='line_1_17' title="bbox 292 1613 1986 1669; baseline 0 -14"><span class='ocrx_word' id='word_1_119' title='bbox 292 1617 411 1663; x_wconf 90' lang='lat' dir='ltr'>sunt,</span> <span class='ocrx_word' id='word_1_120' title='bbox 440 1618 491 1655; x_wconf 94' lang='lat' dir='ltr'>ut</span> <span class='ocrx_word' id='word_1_121' title='bbox 518 1614 603 1655; x_wconf 90' lang='lat' dir='ltr'>nisi</span> <span class='ocrx_word' id='word_1_122' title='bbox 629 1614 844 1655; x_wconf 87' lang='lat' dir='ltr'>nobilitas</span> <span class='ocrx_word' id='word_1_123' title='bbox 870 1614 986 1656; x_wconf 90' lang='lat' dir='ltr'>illius</span> <span class='ocrx_word' id='word_1_124' title='bbox 1013 1615 1273 1669; x_wconf 85' lang='lat' dir='ltr'>provinciae</span> <span class='ocrx_word' id='word_1_125' title='bbox 1300 1615 1354 1656; x_wconf 92' lang='lat' dir='ltr'>de</span> <span class='ocrx_word' id='word_1_126' title='bbox 1381 1614 1473 1656; x_wconf 89' lang='lat' dir='ltr'>suis</span> <span class='ocrx_word' id='word_1_127' title='bbox 1499 1614 1660 1669; x_wconf 91' lang='lat' dir='ltr'>opibus</span> <span class='ocrx_word' id='word_1_128' title='bbox 1686 1614 1858 1668; x_wconf 87' lang='lat' dir='ltr'>aliquid</span> <span class='ocrx_word' id='word_1_129' title='bbox 1883 1613 1986 1655; x_wconf 92' lang='lat' dir='ltr'>sub-</span> 
     </span>
     <span class='ocr_line' id='line_1_18' title="bbox 292 1684 1986 1741; baseline 0 -15"><span class='ocrx_word' id='word_1_130' title='bbox 292 1684 583 1734; x_wconf 87' lang='lat' dir='ltr'>ministraret,</span> <span class='ocrx_word' id='word_1_131' title='bbox 619 1685 970 1727; x_wconf 88' lang='lat' dir='ltr'>mendicandum</span> <span class='ocrx_word' id='word_1_132' title='bbox 1004 1686 1333 1741; x_wconf 88' lang='lat' dir='ltr'>propemodum</span> <span class='ocrx_word' id='word_1_133' title='bbox 1367 1686 1497 1727; x_wconf 88' lang='lat' dir='ltr'>nobis</span> <span class='ocrx_word' id='word_1_134' title='bbox 1530 1686 1658 1727; x_wconf 82' lang='lat' dir='ltr'>foret.</span> <span class='ocrx_word' id='word_1_135' title='bbox 1695 1685 1833 1726; x_wconf 86' lang='lat' dir='ltr'>Plane</span> <span class='ocrx_word' id='word_1_136' title='bbox 1866 1685 1986 1727; x_wconf 91' lang='lat' dir='ltr'>enirn</span> 
     </span>
     <span class='ocr_line' id='line_1_19' title="bbox 292 1755 1984 1812; baseline 0 -15"><span class='ocrx_word' id='word_1_137' title='bbox 292 1769 472 1797; x_wconf 91' lang='lat' dir='ltr'>omnem</span> <span class='ocrx_word' id='word_1_138' title='bbox 510 1756 749 1811; x_wconf 90' lang='lat' dir='ltr'>pecuniam</span> <span class='ocrx_word' id='word_1_139' title='bbox 800 1756 1043 1811; x_wconf 87' lang='lat' dir='ltr'>omniaque</span> <span class='ocrx_word' id='word_1_140' title='bbox 1081 1757 1286 1798; x_wconf 91' lang='lat' dir='ltr'>clenodia</span> <span class='ocrx_word' id='word_1_141' title='bbox 1323 1757 1535 1812; x_wconf 82' lang='lat' dir='ltr'>pretiosa,</span> <span class='ocrx_word' id='word_1_142' title='bbox 1575 1769 1691 1811; x_wconf 91' lang='lat' dir='ltr'>quae</span> <span class='ocrx_word' id='word_1_143' title='bbox 1728 1755 1984 1805; x_wconf 91' lang='lat' dir='ltr'>habuimus,</span> 
     </span>
     <span class='ocr_line' id='line_1_20' title="bbox 291 1827 1986 1878; baseline 0 -10"><span class='ocrx_word' id='word_1_144' title='bbox 291 1827 446 1868; x_wconf 88' lang='lat' dir='ltr'>Turcis</span> <span class='ocrx_word' id='word_1_145' title='bbox 464 1827 631 1869; x_wconf 90' lang='lat' dir='ltr'>donare</span> <span class='ocrx_word' id='word_1_146' title='bbox 648 1832 692 1868; x_wconf 94' lang='lat' dir='ltr'>et</span> <span class='ocrx_word' id='word_1_147' title='bbox 710 1827 887 1869; x_wconf 87' lang='lat' dir='ltr'>tradere</span> <span class='ocrx_word' id='word_1_148' title='bbox 905 1828 1051 1869; x_wconf 91' lang='lat' dir='ltr'>coacti</span> <span class='ocrx_word' id='word_1_149' title='bbox 1068 1842 1226 1869; x_wconf 92' lang='lat' dir='ltr'>sumus</span> <span class='ocrx_word' id='word_1_150' title='bbox 1243 1842 1251 1878; x_wconf 85' lang='lat'>;</span> <span class='ocrx_word' id='word_1_151' title='bbox 1270 1828 1446 1877; x_wconf 90' lang='lat' dir='ltr'>saltem,</span> <span class='ocrx_word' id='word_1_152' title='bbox 1466 1832 1516 1869; x_wconf 89' lang='lat' dir='ltr'>ut</span> <span class='ocrx_word' id='word_1_153' title='bbox 1534 1841 1589 1869; x_wconf 84' lang='lat' dir='ltr'>ex</span> <span class='ocrx_word' id='word_1_154' title='bbox 1605 1841 1760 1869; x_wconf 90' lang='lat' dir='ltr'>eorum</span> <span class='ocrx_word' id='word_1_155' title='bbox 1777 1827 1986 1868; x_wconf 90' lang='lat' dir='ltr'>manibus</span> 
     </span>
     <span class='ocr_line' id='line_1_21' title="bbox 291 1898 2037 1945; baseline 0 -6"><span class='ocrx_word' id='word_1_156' title='bbox 291 1911 373 1939; x_wconf 88' lang='lat' dir='ltr'>nos</span> <span class='ocrx_word' id='word_1_157' title='bbox 396 1898 701 1940; x_wconf 88' lang='lat' dir='ltr'>liberaremus.</span> <span class='ocrx_word' id='word_1_158' title='bbox 727 1899 864 1940; x_wconf 82' lang='lat' dir='ltr'>Arces</span> <span class='ocrx_word' id='word_1_159' title='bbox 888 1899 985 1940; x_wconf 89' lang='lat' dir='ltr'>illas</span> <span class='ocrx_word' id='word_1_160' title='bbox 1009 1899 1123 1940; x_wconf 92' lang='lat' dir='ltr'>duas</span> <span class='ocrx_word' id='word_1_161' title='bbox 1147 1899 1387 1941; x_wconf 88' lang='lat' dir='ltr'>Chitzoum</span> <span class='ocrx_word' id='word_1_162' title='bbox 1411 1903 1455 1940; x_wconf 93' lang='lat' dir='ltr'>et</span> <span class='ocrx_word' id='word_1_163' title='bbox 1484 1898 1815 1940; x_wconf 81' lang='lat' dir='ltr'>Kikeliivarum</span> <span class='ocrx_word' id='word_1_164' title='bbox 1851 1898 1986 1939; x_wconf 90' lang='lat' dir='ltr'>Petro</span> <span class='ocrx_word' id='word_1_165' title='bbox 2001 1918 2037 1945; x_wconf 83' lang='lat'>20</span> 
     </span>
     <span class='ocr_line' id='line_1_22' title="bbox 294 1968 1985 2025; baseline 0 -15"><span class='ocrx_word' id='word_1_166' title='bbox 294 1969 515 2010; x_wconf 78' lang='lat' dir='ltr'>vaivodae</span> <span class='ocrx_word' id='word_1_167' title='bbox 544 1969 799 2011; x_wconf 84' lang='lat' dir='ltr'>Moldaviae</span> <span class='ocrx_word' id='word_1_168' title='bbox 826 1970 1061 2011; x_wconf 88' lang='lat' dir='ltr'>restituere</span> <span class='ocrx_word' id='word_1_169' title='bbox 1088 1984 1170 2011; x_wconf 90' lang='lat' dir='ltr'>nos</span> <span class='ocrx_word' id='word_1_170' title='bbox 1198 1970 1400 2025; x_wconf 91' lang='lat' dir='ltr'>oportuit</span> <span class='ocrx_word' id='word_1_171' title='bbox 1423 1983 1430 2011; x_wconf 88' lang='lat'>:</span> <span class='ocrx_word' id='word_1_172' title='bbox 1461 1969 1539 2024; x_wconf 91' lang='lat' dir='ltr'>qui</span> <span class='ocrx_word' id='word_1_173' title='bbox 1566 1983 1670 2011; x_wconf 93' lang='lat' dir='ltr'>suos</span> <span class='ocrx_word' id='word_1_174' title='bbox 1697 1969 1787 2010; x_wconf 90' lang='lat' dir='ltr'>iam</span> <span class='ocrx_word' id='word_1_175' title='bbox 1814 1968 1985 2023; x_wconf 86' lang='lat' dir='ltr'>legatos</span> 
     </span>
     <span class='ocr_line' id='line_1_23' title="bbox 292 2039 1536 2096; baseline 0.001 -16"><span class='ocrx_word' id='word_1_176' title='bbox 292 2039 363 2081; x_wconf 92' lang='lat' dir='ltr'>hic</span> <span class='ocrx_word' id='word_1_177' title='bbox 392 2040 544 2089; x_wconf 90' lang='lat' dir='ltr'>habet,</span> <span class='ocrx_word' id='word_1_178' title='bbox 574 2045 618 2082; x_wconf 93' lang='lat' dir='ltr'>et</span> <span class='ocrx_word' id='word_1_179' title='bbox 648 2039 926 2082; x_wconf 89' lang='lat' dir='ltr'>deditionem</span> <span class='ocrx_word' id='word_1_180' title='bbox 953 2041 1038 2082; x_wconf 91' lang='lat' dir='ltr'>sibi</span> <span class='ocrx_word' id='word_1_181' title='bbox 1066 2041 1160 2083; x_wconf 90' lang='lat' dir='ltr'>fieri</span> <span class='ocrx_word' id='word_1_182' title='bbox 1188 2041 1418 2096; x_wconf 85' lang='lat' dir='ltr'>postulat;</span> <span class='ocrx_word' id='word_1_183' title='bbox 1451 2045 1536 2082; x_wconf 91' lang='lat' dir='ltr'>etc.</span> 
     </span>
    </p>

    <p class='ocr_par' dir='ltr' id='par_1_11' title="bbox 438 2111 1124 2166">
     <span class='ocr_line' id='line_1_24' title="bbox 438 2111 1124 2166; baseline 0.003 -14"><span class='ocrx_word' id='word_1_184' title='bbox 438 2111 622 2166; x_wconf 89' lang='lat' dir='ltr'>Lippae,</span> <span class='ocrx_word' id='word_1_185' title='bbox 654 2125 774 2153; x_wconf 91' lang='lat' dir='ltr'>anno</span> <span class='ocrx_word' id='word_1_186' title='bbox 805 2112 968 2154; x_wconf 86' lang='lat' dir='ltr'>Christi</span> <span class='ocrx_word' id='word_1_187' title='bbox 1000 2122 1124 2166; x_wconf 81' lang='lat'>1540.</span> 
     </span>
    </p>
   </div>
   <div class='ocr_carea' id='block_1_9' title="bbox 292 2201 2036 2308">
    <p class='ocr_par' dir='ltr' id='par_1_12' title="bbox 292 2201 2036 2308">
     <span class='ocr_line' id='line_1_25' title="bbox 436 2201 1985 2248; baseline -0.001 -12"><span class='ocrx_word' id='word_1_188' title='bbox 436 2202 603 2246; x_wconf 86' lang='lat' dir='ltr'>(Nicolai</span> <span class='ocrx_word' id='word_1_189' title='bbox 634 2203 827 2237; x_wconf 87' lang='lat' dir='ltr'>Reusneri</span> <span class='ocrx_word' id='word_1_190' title='bbox 858 2202 1130 2248; x_wconf 87' lang='lat' dir='ltr'>Epistolarum</span> <span class='ocrx_word' id='word_1_191' title='bbox 1147 2201 1405 2236; x_wconf 87' lang='lat' dir='ltr'>Turcicarum</span> <span class='ocrx_word' id='word_1_192' title='bbox 1422 2201 1520 2236; x_wconf 91' lang='lat' dir='ltr'>liber</span> <span class='ocrx_word' id='word_1_193' title='bbox 1537 2201 1727 2236; x_wconf 85' lang='lat' dir='ltr'>IX—XI.</span> <span class='ocrx_word' id='word_1_194' title='bbox 1747 2221 1798 2226; x_wconf 91' lang='lat'>—</span> <span class='ocrx_word' id='word_1_195' title='bbox 1815 2201 1985 2235; x_wconf 88' lang='lat' dir='ltr'>Franco-</span> 
     </span>
     <span class='ocr_line' id='line_1_26' title="bbox 292 2260 2036 2308; baseline 0.002 -13"><span class='ocrx_word' id='word_1_196' title='bbox 292 2260 388 2295; x_wconf 76' lang='lat' dir='ltr'>furti</span> <span class='ocrx_word' id='word_1_197' title='bbox 416 2263 467 2296; x_wconf 90' lang='lat' dir='ltr'>ad</span> <span class='ocrx_word' id='word_1_198' title='bbox 494 2263 693 2302; x_wconf 89' lang='lat' dir='ltr'>Moenum,</span> <span class='ocrx_word' id='word_1_199' title='bbox 729 2273 836 2308; x_wconf 84' lang='lat'>1590.</span> <span class='ocrx_word' id='word_1_200' title='bbox 866 2284 917 2288; x_wconf 83' lang='lat'>—</span> <span class='ocrx_word' id='word_1_201' title='bbox 943 2273 1032 2308; x_wconf 87' lang='lat' dir='ltr'>pag.</span> <span class='ocrx_word' id='word_1_202' title='bbox 1064 2264 1114 2307; x_wconf 86' lang='lat'>3.)</span> <span class='ocrx_word' id='word_1_203' title='bbox 2001 2273 2036 2299; x_wconf 79' lang='lat'>25</span> 
     </span>
    </p>
   </div>
   <div class='ocr_carea' id='block_1_10' title="bbox 1089 2417 1187 2458">
    <p class='ocr_par' dir='ltr' id='par_1_13' title="bbox 1089 2417 1187 2458">
     <span class='ocr_line' id='line_1_27' title="bbox 1089 2417 1187 2458; baseline 0 -1"><span class='ocrx_word' id='word_1_204' title='bbox 1089 2417 1187 2458; x_wconf 85' lang='lat'>261.</span> 
     </span>
    </p>
   </div>
   <div class='ocr_carea' id='block_1_11' title="bbox 686 2525 1558 2579">
    <p class='ocr_par' dir='ltr' id='par_1_14' title="bbox 686 2525 1558 2579">
     <span class='ocr_line' id='line_1_28' title="bbox 686 2525 1558 2579; baseline 0.001 -13"><span class='ocrx_word' id='word_1_205' title='bbox 686 2525 1071 2575; x_wconf 75' lang='lat' dir='ltr'>Wienerneastadt,</span> <span class='ocrx_word' id='word_1_206' title='bbox 1106 2538 1174 2579; x_wconf 83' lang='lat'>14.</span> <span class='ocrx_word' id='word_1_207' title='bbox 1210 2525 1400 2568; x_wconf 79' lang='lat' dir='ltr'>Octobris</span> <span class='ocrx_word' id='word_1_208' title='bbox 1433 2537 1558 2579; x_wconf 78' lang='lat'><strong><em>1540.</em></strong></span> 
     </span>
    </p>
   </div>
   <div class='ocr_carea' id='block_1_12' title="bbox 394 2613 1866 2667">
    <p class='ocr_par' dir='ltr' id='par_1_15' title="bbox 394 2613 1866 2667">
     <span class='ocr_line' id='line_1_29' title="bbox 394 2613 1866 2667; baseline 0 -15"><span class='ocrx_word' id='word_1_209' title='bbox 394 2614 684 2654; x_wconf 87' lang='lat' dir='ltr'>Ferdinandus</span> <span class='ocrx_word' id='word_1_210' title='bbox 712 2615 744 2654; x_wconf 91' lang='lat' dir='ltr'>I.</span> <span class='ocrx_word' id='word_1_211' title='bbox 774 2628 845 2654; x_wconf 82' lang='lat' dir='ltr'>rex</span> <span class='ocrx_word' id='word_1_212' title='bbox 875 2615 1117 2667; x_wconf 87' lang='lat' dir='ltr'>Hungariae</span> <span class='ocrx_word' id='word_1_213' title='bbox 1141 2616 1358 2667; x_wconf 83' lang='lat' dir='ltr'>Stephano</span> <span class='ocrx_word' id='word_1_214' title='bbox 1385 2614 1592 2653; x_wconf 88' lang='lat' dir='ltr'>vaivodae</span> <span class='ocrx_word' id='word_1_215' title='bbox 1619 2613 1866 2653; x_wconf 86' lang='lat' dir='ltr'>Moldaviae.</span> 
     </span>
    </p>
   </div>
   <div class='ocr_carea' id='block_1_13' title="bbox 436 2713 1886 2757">
    <p class='ocr_par' dir='ltr' id='par_1_16' title="bbox 436 2713 1886 2757">
     <span class='ocr_line' id='line_1_30' title="bbox 436 2713 1886 2757; baseline 0 -3"><span class='ocrx_word' id='word_1_216' title='bbox 436 2714 619 2756; x_wconf 75' lang='lat' dir='ltr'>Litterae</span> <span class='ocrx_word' id='word_1_217' title='bbox 653 2715 927 2757; x_wconf 74' lang='lat' dir='ltr'>credentz‘ales</span> <span class='ocrx_word' id='word_1_218' title='bbox 956 2715 1194 2757; x_wconf 72' lang='lat' dir='ltr'>oratoribus</span> <span class='ocrx_word' id='word_1_219' title='bbox 1230 2715 1324 2756; x_wconf 77' lang='lat' dir='ltr'>suis</span> <span class='ocrx_word' id='word_1_220' title='bbox 1354 2715 1410 2756; x_wconf 83' lang='lat' dir='ltr'>ad</span> <span class='ocrx_word' id='word_1_221' title='bbox 1444 2729 1541 2756; x_wconf 78' lang='lat' dir='ltr'>eum</span> <span class='ocrx_word' id='word_1_222' title='bbox 1570 2713 1719 2755; x_wconf 77' lang='lat' dir='ltr'>missis</span> <span class='ocrx_word' id='word_1_223' title='bbox 1749 2713 1886 2754; x_wconf 80' lang='lat' dir='ltr'>datae.</span> 
     </span>
    </p>
   </div>
   <div class='ocr_carea' id='block_1_14' title="bbox 296 2820 2030 3228">
    <p class='ocr_par' dir='ltr' id='par_1_17' title="bbox 435 2820 2030 2877">
     <span class='ocr_line' id='line_1_31' title="bbox 435 2820 2030 2877; baseline 0.001 -16"><span class='ocrx_word' id='word_1_224' title='bbox 435 2820 701 2875; x_wconf 80' lang='lat' dir='ltr'>Spectabilis</span> <span class='ocrx_word' id='word_1_225' title='bbox 730 2826 773 2863; x_wconf 90' lang='lat' dir='ltr'>et</span> <span class='ocrx_word' id='word_1_226' title='bbox 804 2822 1053 2877; x_wconf 89' lang='lat' dir='ltr'>Magnifice,</span> <span class='ocrx_word' id='word_1_227' title='bbox 1084 2822 1226 2864; x_wconf 90' lang='lat' dir='ltr'>fidelis</span> <span class='ocrx_word' id='word_1_228' title='bbox 1255 2822 1385 2863; x_wconf 93' lang='lat' dir='ltr'>nobis</span> <span class='ocrx_word' id='word_1_229' title='bbox 1413 2821 1587 2863; x_wconf 92' lang='lat' dir='ltr'>dilecte.</span> <span class='ocrx_word' id='word_1_230' title='bbox 1995 2851 2030 2876; x_wconf 80' lang='lat'>30</span> 
     </span>
    </p>

    <p class='ocr_par' dir='ltr' id='par_1_18' title="bbox 296 2890 2028 3228">
     <span class='ocr_line' id='line_1_32' title="bbox 438 2890 1979 2946; baseline 0 -14"><span class='ocrx_word' id='word_1_231' title='bbox 438 2891 751 2933; x_wconf 84' lang='lat' dir='ltr'>Commisimus</span> <span class='ocrx_word' id='word_1_232' title='bbox 781 2893 1028 2946; x_wconf 87' lang='lat' dir='ltr'>Magnificis</span> <span class='ocrx_word' id='word_1_233' title='bbox 1056 2893 1256 2934; x_wconf 87' lang='lat' dir='ltr'>Thomae</span> <span class='ocrx_word' id='word_1_234' title='bbox 1285 2892 1504 2946; x_wconf 82' lang='lat' dir='ltr'>Nadasdy</span> <span class='ocrx_word' id='word_1_235' title='bbox 1543 2890 1890 2939; x_wconf 87' lang='lat' dir='ltr'>tavernicorum,</span> <span class='ocrx_word' id='word_1_236' title='bbox 1927 2904 1979 2932; x_wconf 89' lang='lat' dir='ltr'>ac</span> 
     </span>
     <span class='ocr_line' id='line_1_33' title="bbox 297 2959 1979 3018; baseline 0.001 -18"><span class='ocrx_word' id='word_1_237' title='bbox 297 2959 477 3015; x_wconf 86' lang='lat' dir='ltr'>Caspari</span> <span class='ocrx_word' id='word_1_238' title='bbox 505 2962 726 3003; x_wconf 81' lang='lat' dir='ltr'>Horwath</span> <span class='ocrx_word' id='word_1_239' title='bbox 753 2963 808 3004; x_wconf 92' lang='lat' dir='ltr'>de</span> <span class='ocrx_word' id='word_1_240' title='bbox 834 2963 1102 3018; x_wconf 86' lang='lat' dir='ltr'>Wyngarth,</span> <span class='ocrx_word' id='word_1_241' title='bbox 1132 2962 1508 3004; x_wconf 84' lang='lat' dir='ltr'>cubiculariorum</span> <span class='ocrx_word' id='word_1_242' title='bbox 1545 2965 1803 3002; x_wconf 90' lang='lat' dir='ltr'>nostrorum</span> <span class='ocrx_word' id='word_1_243' title='bbox 1840 2961 1979 3015; x_wconf 86' lang='lat' dir='ltr'>magi-</span> 
     </span>
     <span class='ocr_line' id='line_1_34' title="bbox 296 3030 1977 3088; baseline 0.002 -19"><span class='ocrx_word' id='word_1_244' title='bbox 296 3030 412 3079; x_wconf 88' lang='lat' dir='ltr'>stris,</span> <span class='ocrx_word' id='word_1_245' title='bbox 441 3045 521 3073; x_wconf 92' lang='lat' dir='ltr'>nec</span> <span class='ocrx_word' id='word_1_246' title='bbox 544 3046 634 3073; x_wconf 88' lang='lat' dir='ltr'>non</span> <span class='ocrx_word' id='word_1_247' title='bbox 669 3032 954 3087; x_wconf 67' lang='lat' dir='ltr'>sigismundo</span> <span class='ocrx_word' id='word_1_248' title='bbox 992 3034 1178 3075; x_wconf 86' lang='lat' dir='ltr'>Balassa</span> <span class='ocrx_word' id='word_1_249' title='bbox 1216 3033 1467 3088; x_wconf 89' lang='lat' dir='ltr'>capitaneO,</span> <span class='ocrx_word' id='word_1_250' title='bbox 1506 3031 1761 3073; x_wconf 88' lang='lat' dir='ltr'>oratoribus</span> <span class='ocrx_word' id='word_1_251' title='bbox 1797 3032 1977 3080; x_wconf 92' lang='lat' dir='ltr'>nostris,</span> 
     </span>
     <span class='ocr_line' id='line_1_35' title="bbox 297 3099 1975 3152; baseline 0.002 -13"><span class='ocrx_word' id='word_1_252' title='bbox 297 3099 500 3142; x_wconf 88' lang='lat' dir='ltr'>fidelibus</span> <span class='ocrx_word' id='word_1_253' title='bbox 538 3102 667 3143; x_wconf 91' lang='lat' dir='ltr'>nobis</span> <span class='ocrx_word' id='word_1_254' title='bbox 717 3103 904 3152; x_wconf 89' lang='lat' dir='ltr'>dilectis,</span> <span class='ocrx_word' id='word_1_255' title='bbox 943 3104 1160 3145; x_wconf 89' lang='lat' dir='ltr'>nonnulla</span> <span class='ocrx_word' id='word_1_256' title='bbox 1198 3104 1283 3145; x_wconf 86' lang='lat' dir='ltr'>tibi</span> <span class='ocrx_word' id='word_1_257' title='bbox 1320 3102 1501 3144; x_wconf 90' lang='lat' dir='ltr'>nomine</span> <span class='ocrx_word' id='word_1_258' title='bbox 1537 3106 1692 3143; x_wconf 90' lang='lat' dir='ltr'>nostro</span> <span class='ocrx_word' id='word_1_259' title='bbox 1730 3102 1975 3151; x_wconf 85' lang='lat' dir='ltr'>referenda,</span> 
     </span>
     <span class='ocr_line' id='line_1_36' title="bbox 297 3171 2028 3228; baseline 0.002 -18"><span class='ocrx_word' id='word_1_260' title='bbox 297 3174 430 3222; x_wconf 87' lang='lat' dir='ltr'>prout</span> <span class='ocrx_word' id='word_1_261' title='bbox 459 3171 516 3211; x_wconf 90' lang='lat' dir='ltr'>ab</span> <span class='ocrx_word' id='word_1_262' title='bbox 544 3171 605 3212; x_wconf 91' lang='lat' dir='ltr'>eis</span> <span class='ocrx_word' id='word_1_263' title='bbox 632 3186 782 3213; x_wconf 90' lang='lat' dir='ltr'>coram</span> <span class='ocrx_word' id='word_1_264' title='bbox 809 3173 881 3214; x_wconf 84' lang='lat' dir='ltr'>vel</span> <span class='ocrx_word' id='word_1_265' title='bbox 907 3187 986 3228; x_wconf 92' lang='lat' dir='ltr'>per</span> <span class='ocrx_word' id='word_1_266' title='bbox 1012 3187 1166 3215; x_wconf 90' lang='lat' dir='ltr'>eorum</span> <span class='ocrx_word' id='word_1_267' title='bbox 1193 3173 1395 3215; x_wconf 91' lang='lat' dir='ltr'>homines</span> <span class='ocrx_word' id='word_1_268' title='bbox 1421 3172 1515 3215; x_wconf 87' lang='lat' dir='ltr'>sive</span> <span class='ocrx_word' id='word_1_269' title='bbox 1542 3172 1716 3214; x_wconf 88' lang='lat' dir='ltr'>litteras</span> <span class='ocrx_word' id='word_1_270' title='bbox 1744 3172 1975 3227; x_wconf 88' lang='lat' dir='ltr'>intelliges.</span> <span class='ocrx_word' id='word_1_271' title='bbox 1994 3179 2028 3207; x_wconf 82' lang='grc'>35</span> 
     </span>
    </p>
   </div>
  </div>
 </body>
</html>
