2209 3643
292 209 364 243 252
1050 193 1125 226 No.
1148 201 1222 233 209
1697 184 1744 238 [6.
1766 188 1861 223 Maii
1885 198 1978 233 1535

1085 387 1183 429 209.

795 508 1085 564 Nagyszebm,
1116 508 1155 549 6.
1186 508 1242 549 M
1245 507 1310 549 aii
1338 518 1465 561 1535.

415 606 596 644 Senatus
620 601 808 641 civitatis
834 600 1110 652 Nagyszeben
1135 598 1402 637 Ferdinando
1428 598 1460 637 Ι.
1488 597 1573 649 regi
1598 596 1851 648 Hungariae.

438 708 631 751 Vaivoda
658 706 893 749 Valaclzz'ae
911 708 1117 760 paratum
1136 717 1179 745 se
1199 703 1381 745 ostendit
1399 702 1456 743 ad
1473 701 1602 753 fidem
1620 702 1706 758 regi
1731 702 1982 752 iurandum,

289 781 328 822 si
349 780 423 822 lzoe
443 779 553 821 serio
574 778 853 820 desideratur.
879 776 1116 818 Auxilium
1135 774 1229 816 eius
1250 787 1342 829 ergo
1360 777 1522 829 petunt.
2019 788 2036 814 5

436 892 675 933 Praeterea
708 889 998 931 notificamus
1028 888 1190 930 Sacrae
1222 880 1289 928 Mti
1311 887 1415 936 Vffiss,
1439 886 1562 940 quod
1582 885 1790 927 waivoda
1822 885 1984 927 Trans-

291 963 468 1018 alpinus
504 961 634 1003 nobis
670 960 816 1002 bonus
852 959 1030 1001 vicinus
1067 963 1111 1000 et
1149 957 1320 999 amicus
1342 957 1468 1006 fuit‚1
1491 957 1536 998 in
1561 956 1820 998 necessariis
1854 955 1985 997 nobis

291 1033 615 1075 administrans
652 1036 698 1073 et
736 1030 964 1079 emittens,
1004 1044 1059 1071 ex
1097 1043 1188 1084 quo
1226 1033 1381 1070 autem
1418 1041 1538 1069 nunc
1575 1027 1651 1069 via
1687 1026 1986 1082 Transalpina

292 1119 370 1159 per
398 1103 583 1159 Maylad
619 1106 687 1144 est
715 1102 888 1144 reclusa
925 1105 969 1143 et
1008 1104 1208 1142 castrum
1245 1099 1508 1141 Talmatsch
1546 1102 1835 1153 occupatum,
1873 1096 1986 1139 nihil

292 1188 472 1230 prorsus
495 1174 626 1216 nobis
646 1177 798 1228 potest
829 1171 1160 1219 administrare,
1182 1170 1261 1212 sed
1282 1169 1647 1211 benevolentiam
1677 1168 1877 1210 eiusdem
1894 1181 1986 1209 non
2000 1189 2035 1215 10

292 1246 523 1300 vulgarem
552 1258 655 1299 erga
682 1244 867 1285 Sacram
895 1240 1001 1284 Mtem
1048 1242 1149 1283 Vs²³¹¹¹
1197 1240 1398 1282 confiteri
1438 1239 1701 1295 poterimus,
1748 1252 1854 1280 nam
1887 1252 1986 1293 pro-

293 1316 415 1358 ximo
437 1316 588 1371 elapso
630 1328 783 1357 mense
823 1318 930 1355 ante
972 1311 1317 1367 occupationem
1354 1310 1617 1353 Talmatsch
1649 1309 1773 1365 apud
1794 1309 1987 1351 eundem

293 1392 517 1429 oratorem
538 1390 746 1428 nostrum
768 1384 1010 1440 Egregium
1033 1384 1219 1425 Petrum
1242 1381 1451 1437 Gerendy
1472 1380 1730 1430 habuimus,
1753 1394 1831 1435 per
1852 1393 1987 1435 quem

292 1458 422 1500 nobis
456 1471 635 1499 omnem
669 1470 799 1498 suam
832 1454 1199 1497 benevolentiam
1232 1452 1480 1501 intimavit,
1516 1451 1829 1500 asseverando,
1864 1450 1988 1505 quod

293 1529 502 1584 quamvis
544 1542 638 1570 sese
681 1541 784 1569 cum
823 1527 1001 1580 Joanne
1043 1525 1206 1567 litteris
1248 1523 1340 1566 suis
1381 1522 1688 1565 mediantibus
1730 1522 1985 1576 obligasset,
2004 1543 2039 1569 15

292 1599 584 1641 nihilominus
619 1598 677 1640 ad
711 1601 864 1653 partes
911 1596 1260 1638 christianorum
1301 1599 1422 1636 stare
1456 1593 1606 1643 vellet,
1642 1607 1694 1634 ac
1726 1592 1887 1634 Sacrae
1921 1585 1987 1634 Mti

295 1671 386 1712 Vrae
421 1684 515 1712 sese
551 1683 642 1712 una
676 1683 779 1710 cum
815 1667 1087 1710 ducentibus
1134 1666 1316 1708 milibus
1364 1664 1598 1720 praevium
1634 1664 1795 1705 ducem
1830 1667 1989 1705 contra

294 1742 487 1783 Turcam
508 1745 552 1782 et
572 1741 725 1782 hostes
746 1739 1017 1781 christianae
1036 1738 1141 1780 fidei
1161 1736 1389 1792 praebere,
1411 1735 1447 1777 si
1468 1735 1603 1776 modo
1620 1734 1756 1776 Sacra
1775 1734 1988 1776 Maiestas

293 1813 364 1854 Vra
404 1826 498 1854 sese
530 1815 733 1853 moveret
765 1810 1089 1864 negotiumque
1132 1808 1294 1850 seriose
1338 1806 1683 1862 aggrederetur;
1733 1818 1872 1860 quam
1903 1803 1989 1845 nisi

295 1883 482 1931 videret,
526 1882 637 1923 nihil
679 1882 823 1923 facere
865 1881 1054 1936 posset.2
1097 1878 1353 1921 Identidem
1395 1890 1550 1919 omnes
1592 1877 1682 1918 fere
1719 1875 1892 1917 nobiles
1921 1879 1988 1916 to·
2005 1897 2041 1924 20

295 1953 385 1995 tius
442 1953 566 2008 regni
628 1950 1055 1994 Transsilvaniensis
1121 1950 1320 1991 clamant
1374 1947 1707 2002 sufficientique
1769 1945 1988 1988 desiderio

296 2028 575 2080 exspectant.
627 2024 775 2079 Quare
822 2022 1135 2078 praesentibus
1181 2020 1342 2062 Sacrae
1388 2012 1454 2060 Mti
1502 2019 1591 2061 Vrae
1626 2017 1778 2060 cernui
1835 2021 1880 2058 et
1916 2016 1990 2058 de-

296 2095 527 2137 votissime
573 2094 895 2150 supplicamus,
955 2092 1237 2146 eandemque
1296 2090 1354 2132 ob
1414 2103 1613 2131 amorem
1663 2089 1774 2143 Jesu
1827 2086 1991 2129 Christi

296 2166 534 2208 salvatoris
579 2166 723 2207 nostri
755 2164 1096 2219 diligentissime
1138 2175 1362 2217 rogamus,
1407 2161 1618 2215 dignetur
1659 2158 1789 2201 nobis
1833 2171 1991 2213 quam-

296 2237 507 2278 citissime
562 2236 781 2278 auxilium
822 2236 950 2284 ferre,
998 2247 1170 2289 nosque
1216 2233 1307 2274 iam
1353 2231 1541 2273 tandem
1587 2230 1723 2272 semel
1761 2229 2042 2278 eliberare,25

295 2307 461 2362 alioqui
496 2307 586 2348 iam
621 2307 831 2362 perimus.
872 2305 973 2347 Alia
994 2305 1156 2347 Sacrae
1179 2297 1245 2345 Mti
1270 2304 1359 2345 Vrae
1383 2302 1574 2344 scribere
1609 2314 1700 2342 non
1725 2299 1988 2355 poterimus,

445 2461 458 2482 ¹
486 2461 661 2506 Jacobus
690 2461 776 2495 Een
805 2460 855 2494 de
875 2460 950 2494 hoc
975 2458 1142 2503 (Cibinii,
1167 2460 1201 2492 6.
1224 2457 1320 2492 Maii
1344 2456 1454 2501 1535)
1478 2455 1627 2490 talibus
1660 2454 1792 2488 verbis
1825 2453 1987 2488 scribit:

298 2520 378 2553 Der
410 2520 577 2554 Mollner
611 2520 770 2565 Wayda
804 2520 887 2553 und
923 2518 1175 2552 Walachisch
1226 2516 1384 2561 Wayda
1419 2514 1624 2550 schreiben
1660 2524 1744 2552 uns,
1782 2513 1886 2547 soter
1920 2512 1990 2545 der

300 2578 431 2623 Konig
454 2579 537 2612 sich
560 2578 635 2613 mit
654 2578 787 2612 Gwalt
822 2578 919 2612 umb
942 2578 1014 2611 das
1038 2577 1151 2610 Land
1175 2575 1401 2610 annehmen
1424 2573 1514 2613 will,
1552 2583 1596 2607 so
1624 2572 1764 2606 wollen
1787 2571 1842 2606 sie
1878 2570 1992 2604 Ihme

298 2637 366 2671 des
389 2637 522 2671 helsen
546 2649 593 2671 zu
617 2637 766 2682 WVegen
789 2637 971 2681 bringen.
1001 2635 1183 2680 (Ibidem,
1208 2645 1299 2679 pag.
1324 2633 1427 2679 553.)
2009 2639 2044 2666 3ο

437 2696 451 2716 2
469 2697 529 2730 De
554 2696 616 2730 his
642 2697 716 2730 hoc
749 2696 916 2740 legimus
942 2695 983 2728 in
1011 2697 1120 2729 certa
1146 2694 1293 2728 scheda
1319 2691 1470 2726 archivi
1497 2689 1712 2736 imperialis
1737 2686 1988 2722 Viennensis:

297 2755 456 2798 Negotia
468 2755 735 2800 particularia,
751 2759 820 2800 pro
835 2754 972 2799 quibus
987 2753 1135 2788 domini
1155 2752 1380 2799 supplicant
1400 2751 1449 2784 M
1452 2744 1637 2793 fsRegiae.
1654 2749 1796 2781 Petrus
1811 2747 1990 2790 Bogdan,

302 2813 478 2847 waivoda
504 2813 730 2848 Moldaviae
768 2813 872 2859 petit
898 2812 1109 2858 provideri,
1154 2814 1201 2846 ut
1239 2811 1280 2844 in
1319 2808 1492 2844 servitiis
1518 2810 1559 2842 et
1584 2806 1781 2841 fidelitate
1806 2799 1882 2839 Mtis
1908 2805 1994 2839 Vrae

298 2882 457 2905 manere
470 2872 607 2917 possit,
624 2872 825 2918 stipendio
840 2871 985 2917 aliquo,
1003 2872 1054 2905 ad
1069 2874 1197 2905 certos
1211 2878 1344 2916 equos,
1361 2867 1425 2902 vel
1438 2866 1567 2912 gratia
1579 2859 1656 2900 Mtis
1680 2865 1776 2904 Vffie,
1811 2863 1993 2909 deposito

298 2929 521 2965 iuramento
543 2930 761 2970 fidelitatis,
788 2930 971 2975 expensis
994 2933 1035 2964 et
1057 2929 1236 2964 vestibus
1259 2925 1437 2962 honestis
1459 2924 1675 2972 provisum,
1701 2922 1782 2968 regi
1804 2922 1992 2957 Poloniae
2005 2944 2042 2971 35

298 2998 366 3032 per
405 2988 559 3023 litteras
588 2991 892 3029 commendare;
935 3000 1016 3035 quo
1056 2988 1274 3034 aliquando
1301 2995 1422 3030 regno
1450 2994 1522 3019 suo
1548 2982 1775 3018 Moldaviae
1801 2982 1923 3028 potiri
1951 2984 1992 3016 et

298 3047 575 3082 Maiestatibus
600 3048 752 3082 Vestris
777 3059 823 3082 ac
848 3048 926 3082 toti
950 3046 1236 3083 christianitati
1259 3045 1407 3079 servire
1430 3042 1568 3090 possit.
1595 3042 1862 3077 Commendat
1885 3051 1926 3075 se
1950 3040 1992 3074 in

299 3105 468 3148 gratiam
498 3100 561 3140 Mti
601 3108 777 3141 Vestrae.
813 3106 1037 3151 (Originale.
1067 3104 1353 3143 Staatsarchiv,
1385 3103 1510 3137 Wien.
1542 3100 1773 3146 Hungarica
1802 3100 1895 3134 fasc.
1928 3110 1990 3145 27.

299 3164 374 3196 No.
399 3164 458 3207 83.
483 3185 533 3195 ,ᾗ
556 3165 695 3199 Edidit
717 3166 980 3200 Monumenta
1002 3164 1269 3199 ecclesiastica
1289 3162 1368 3197 vol.
1394 3172 1428 3205 3.
1451 3170 1541 3207 pag.
1566 3160 1642 3204 66.)
