2209 3643
276 200 348 243 146
1038 193 1112 227 No.
1139 194 1208 227 108
1675 188 1751 242 [21.
1772 194 1854 228 Mai
1877 204 1974 239 1527

281 327 505 382 ponimus,
540 326 624 366 hoc
658 323 756 365 fieri
787 322 974 363 minime
999 321 1274 363 dubitemus.
1299 321 1503 363 Petimus
1536 322 1673 362 etiam
1699 335 1726 363 a
1747 322 1889 371 vobis,
1924 327 1975 364 ut

280 399 353 440 Vra
391 394 727 450 Magnificentia
762 392 1025 433 immediate
1070 396 1115 433 et
1151 391 1322 446 absque
1356 392 1479 433 omni
1513 406 1641 433 mora
1674 397 1895 434 secretam
1930 397 1975 434 et

279 467 489 510 callidam
517 478 755 520 personam
783 463 841 504 ad
867 476 948 504 nos
975 462 1237 516 curiamque
1263 467 1467 504 nostram
1493 463 1674 504 mittere
1701 463 1825 512 velit,
1854 463 1977 517 quod

278 552 360 580 nos
385 551 487 579 cum
511 536 587 576 illa
611 547 803 590 persona
826 533 899 574 vel
922 537 1100 574 oratore
1124 537 1276 574 vestro
1300 533 1345 575 in
1370 533 1557 588 magnis,
1585 533 1737 575 arduis
1761 548 1813 575 ac
1835 534 1976 576 fideli-

279 610 364 650 bus
402 606 593 661 negotiis
633 618 763 659 agere
800 604 1036 652 habemus,
1077 618 1169 658 quo
1206 605 1488 646 commodius
1525 604 1711 653 Turcae,
1752 609 1977 659 tanquam
2015 616 2031 640 5

279 677 477 720 naturali
502 676 774 718 christianae
789 674 893 716 fidei
910 675 1043 723 hosti,
1060 689 1152 716 una
1178 689 1281 716 cum
1303 675 1465 716 Sacrae
1492 675 1727 716 Romanae
1751 679 1796 716 et
1822 676 1976 717 catho-

279 750 390 791 licae
417 748 658 790 Caesareae
684 745 936 787 Maiestatis
957 745 1128 787 domini
1149 760 1201 787 ac
1226 746 1378 787 fratris
1404 745 1547 787 nostri
1577 745 1898 787 colendissimi⁶
1926 751 1970 787 et

281 834 384 862 cum
410 818 532 860 Sacri
563 817 758 859 Romani
786 816 961 871 imperii
990 817 1158 858 auxilio
1186 817 1390 858 resistere
1419 830 1473 858 ac
1500 830 1688 871 regnum
1719 817 1979 871 Hungariae

281 890 533 938 defendere,
563 888 681 930 tueri
708 892 752 929 et
781 901 1044 942 recuperare
1071 901 1319 942 possemus,
1349 892 1393 929 et
1422 888 1458 929 is
1485 901 1747 942 generosam
1774 892 1978 929 nostram

281 961 568 1003 voluntatem
599 959 763 1000 sentiet
795 958 1156 1013 experieturque.
1191 959 1252 999 Et
1295 959 1379 1000 hoc
1422 959 1468 999 ni
1497 959 1586 999 Vrae
1617 958 1980 1013 Magnificentiae
1995 968 2030 994 10

284 1046 335 1073 ac
369 1031 560 1086 posteris
594 1029 757 1071 vestris
790 1030 835 1070 in
870 1030 1075 1071 futurum
1109 1043 1190 1084 pro
1224 1029 1344 1071 bono
1377 1043 1613 1084 nunquam
1647 1029 1978 1079 obliviscemur,

281 1102 360 1144 sed
390 1101 689 1143 amicabiliter
719 1113 1076 1155 compensamus.
1110 1100 1336 1142 Mittimus
1366 1100 1505 1142 etiam
1535 1114 1637 1142 cum
1667 1100 1981 1155 praesentibus

283 1173 568 1221 mandatum,
605 1171 729 1226 quod
762 1185 843 1213 nos
876 1171 921 1212 in
955 1185 1092 1226 regno
1126 1171 1386 1226 Hungariae
1420 1170 1766 1226 publicavimus,
1802 1185 1857 1212 ex
1890 1185 1981 1225 quo

281 1244 419 1286 etiam
446 1244 517 1285 Vra
544 1243 880 1298 Magnificentia
918 1247 1121 1284 nostram
1154 1242 1507 1284 iurisdictionem
1547 1246 1686 1296 atque
1723 1241 1786 1283 rei
1824 1255 1981 1283 causas

281 1316 460 1370 planius
481 1314 726 1369 intelligere
747 1318 792 1355 et
813 1314 1018 1356 exactius
1039 1313 1298 1368 dignoscere
1319 1313 1500 1368 poterit,
1523 1317 1568 1354 et
1589 1313 1673 1354 hoc
1687 1313 1787 1354 Vram
1810 1312 2033 1367 Magni-15

280 1386 511 1428 ficentiam
549 1385 732 1427 scivisse
768 1385 1007 1427 voluimus.

428 1457 602 1498 Datum
640 1457 801 1498 harum
838 1456 1094 1497 litterarum
1131 1469 1186 1496 ex
1222 1455 1343 1510 regia
1380 1454 1566 1497 civitate
1603 1455 1761 1510 Praga,
1802 1467 1868 1508 24.
1908 1454 1981 1495 die

282 1528 448 1570 mensis
469 1528 715 1577 Februarii,
738 1527 846 1569 anni
867 1539 921 1582 27
942 1527 1163 1581 scriptum
1185 1531 1229 1568 et
1251 1526 1451 1581 positum
1473 1526 1574 1568 fuit.

418 1630 652 1669 Indorsatio
671 1643 683 1670 .·
712 1629 961 1681 Wayvodae
987 1629 1237 1668 Moldaviae.

517 1740 770 1785 (Conceptus.
802 1739 1093 1779 Staatsamhiv,
1127 1739 1253 1772 VVien.
1288 1739 1530 1784 Hungarica,
1560 1738 1655 1773 fasc.
1692 1738 1742 1781 3.)
1993 1749 2030 1774 20

1078 1891 1176 1932 108.

771 2000 1069 2049 Sclzweidrcitz,
1101 2012 1168 2040 21.
1203 1999 1327 2040 Maii
1357 2010 1482 2052 1527.

361 2091 653 2130 Ferdinandus
678 2091 710 2130 I.
738 2103 810 2129 rex
838 2090 1081 2141 Hungariae
1108 2091 1233 2128 Petro
1259 2090 1390 2143 Rares
1414 2089 1622 2127 vaivodae
1648 2088 1897 2127 Moldaviae.

423 2195 509 2236 Per
533 2195 728 2236 reducem
751 2195 936 2250 legatum
961 2195 1113 2237 certior
1137 2195 1279 2247 sactus
1305 2195 1354 2236 de
1380 2194 1474 2235 eius
1499 2193 1715 2245 fidelitate,
1738 2206 1836 2234 eum
1851 2192 1980 2234 adiu-

283 2270 428 2306 turum
460 2280 502 2307 se
537 2266 761 2320 promittit.
1993 2280 2029 2306 25

430 2377 736 2419 Illustrissime
766 2378 936 2419 sincere
966 2377 1143 2419 dilecte.

430 2447 500 2488 Ex
523 2448 753 2498 relatione,
771 2463 910 2503 quam
927 2448 1049 2504 apud
1071 2462 1153 2490 nos
1175 2448 1363 2490 nuntius
1398 2452 1442 2489 et
1466 2446 1798 2489 commissarius
1832 2449 1982 2487 vester

286 2517 405 2566 fecit,
432 2520 698 2574 accepimus,
723 2533 813 2573 quo
843 2519 995 2561 animo
1018 2524 1063 2561 et
1085 2519 1324 2562 affectione
1352 2532 1434 2561 nos
1463 2517 1813 2573 prosequamini,
1844 2517 1980 2571 grati-

286 2588 541 2643 ficandique
585 2590 1009 2645 promptitudinem,
1042 2604 1181 2644 quam
1227 2590 1347 2631 idem
1393 2589 1581 2631 nuntius
1624 2588 1755 2630 nobis
1800 2588 1981 2629 nomine

287 2663 440 2700 vestro
485 2661 708 2714 exposuit,
757 2661 880 2715 quod
925 2661 1135 2715 equidem
1181 2665 1311 2715 grato
1357 2660 1658 2714 clementique
1702 2658 1980 2713 suscepimus
1995 2679 2029 2705 30

288 2729 453 2778 animo,
484 2731 702 2784 vobisque
730 2736 969 2786 propterea
995 2745 1184 2786 magnas
1199 2736 1243 2773 et
1258 2731 1491 2779 habemus,
1521 2734 1566 2771 et
1594 2730 1769 2784 agimus
1795 2729 1977 2783 gratias,

288 2799 399 2839 nihil
428 2800 561 2854 plane
591 2801 870 2851 dubitantes,
903 2802 1042 2843 immo
1071 2802 1202 2843 nobis
1231 2802 1383 2856 potius
1413 2800 1748 2856 persuadentes,
1781 2798 1904 2852 quod
1934 2798 1978 2839 in

289 2868 373 2910 hac
389 2870 527 2910 animi
543 2884 646 2924 erga
662 2885 743 2912 nos
758 2872 897 2913 vestri
912 2872 1170 2913 sinceritate
1186 2871 1533 2924 constantiaque
1549 2883 1729 2924 quoque
1744 2868 1979 2923 persistere

289 2944 557 2994 nostrasque
590 2955 659 2982 res
692 2946 736 2982 et
771 2942 868 2983 iura
900 2942 1033 2996 digne
1066 2943 1217 2984 fovere
1250 2946 1294 2983 et
1329 2941 1445 2982 tueri
1478 2940 1710 2989 debeatis;
1745 2938 1864 2980 unde
1896 2952 1978 2980 nos

293 3022 472 3062 quoque
494 3011 817 3065 amplissimam
841 3013 1120 3054 occasionem
1144 3012 1343 3066 accipere
1364 3010 1612 3065 poterimus
1633 3022 1714 3051 vos
1736 3013 1780 3050 et
1804 3013 1977 3050 vestros
1994 3030 2029 3055 3,

290 3079 437 3131 gratia
473 3079 717 3134 favoreque
752 3086 907 3123 nostro
943 3082 1273 3137 complectendi
1307 3094 1359 3122 ac
1395 3081 1439 3121 in
1475 3079 1607 3121 solita
1642 3092 1723 3120 sua
1757 3092 1861 3132 erga
1895 3092 1978 3120 nos

291 3147 380 3188 fide
415 3152 459 3189 et
485 3150 732 3192 ,affectione
768 3151 825 3192 ab
860 3153 983 3193 omni
1019 3152 1378 3194 adversariorum
1413 3149 1695 3204 impetitione
1730 3148 1978 3190 immunem
