<?xml version="1.0" encoding="UTF-8"?>
<!DOCTYPE html PUBLIC "-//W3C//DTD XHTML 1.0 Transitional//EN"
    "http://www.w3.org/TR/xhtml1/DTD/xhtml1-transitional.dtd">
<html xmlns="http://www.w3.org/1999/xhtml" xml:lang="en" lang="en">
 <head>
  <title>
</title>
<meta http-equiv="Content-Type" content="text/html;charset=utf-8" />
  <meta name='ocr-system' content='tesseract 3.04.00' />
  <meta name='ocr-capabilities' content='ocr_page ocr_carea ocr_par ocr_line ocrx_word'/>
</head>
<body>
  <div class='ocr_page' id='page_1' title='image "actaetepistolaer01vereuoft_0073.png"; bbox 0 0 2209 3643; ppageno 0'>
   <div class='ocr_carea' id='block_1_1' title="bbox 169 160 1863 215">
    <p class='ocr_par' dir='ltr' id='par_1_1' title="bbox 169 160 1863 215">
     <span class='ocr_line' id='line_1_1' title="bbox 169 160 1863 215; baseline 0.006 -17"><span class='ocrx_word' id='word_1_1' title='bbox 169 174 227 212; x_wconf 87' lang='lat'>15.</span> <span class='ocrx_word' id='word_1_2' title='bbox 260 165 371 211; x_wconf 87' lang='lat' dir='ltr'>Junii</span> <span class='ocrx_word' id='word_1_3' title='bbox 407 160 521 215; x_wconf 87' lang='lat'>1501]</span> <span class='ocrx_word' id='word_1_4' title='bbox 946 167 1020 201; x_wconf 91' lang='lat' dir='ltr'>No.</span> <span class='ocrx_word' id='word_1_5' title='bbox 1043 177 1091 211; x_wconf 81' lang='lat'>47</span> <span class='ocrx_word' id='word_1_6' title='bbox 1814 173 1863 209; x_wconf 90' lang='lat'>57</span> 
     </span>
    </p>
   </div>
   <div class='ocr_carea' id='block_1_2' title="bbox 129 290 1861 759">
    <p class='ocr_par' dir='ltr' id='par_1_2' title="bbox 160 290 1861 575">
     <span class='ocr_line' id='line_1_2' title="bbox 300 290 1860 332; baseline -0.001 -1"><span class='ocrx_word' id='word_1_7' title='bbox 300 292 495 332; x_wconf 84' lang='lat' dir='ltr'><em>Titulus:</em></span> <span class='ocrx_word' id='word_1_8' title='bbox 532 293 690 331; x_wconf 88' lang='lat' dir='ltr'>Amicis</span> <span class='ocrx_word' id='word_1_9' title='bbox 725 293 810 331; x_wconf 89' lang='lat' dir='ltr'>suis</span> <span class='ocrx_word' id='word_1_10' title='bbox 847 293 1104 331; x_wconf 84' lang='lat' dir='ltr'>Reverendis</span> <span class='ocrx_word' id='word_1_11' title='bbox 1139 291 1369 331; x_wconf 84' lang='lat' dir='ltr'>conventui</span> <span class='ocrx_word' id='word_1_12' title='bbox 1403 291 1601 331; x_wconf 90' lang='lat' dir='ltr'>ecclesiae</span> <span class='ocrx_word' id='word_1_13' title='bbox 1635 291 1687 330; x_wconf 85' lang='lat' dir='ltr'>de</span> <span class='ocrx_word' id='word_1_14' title='bbox 1722 290 1860 329; x_wconf 90' lang='lat' dir='ltr'>Colos-</span> 
     </span>
     <span class='ocr_line' id='line_1_3' title="bbox 161 350 1861 403; baseline -0.002 -13"><span class='ocrx_word' id='word_1_15' title='bbox 161 356 379 390; x_wconf 86' lang='lat' dir='ltr'>monostra</span> <span class='ocrx_word' id='word_1_16' title='bbox 403 365 479 403; x_wconf 92' lang='lat' dir='ltr'>pro</span> <span class='ocrx_word' id='word_1_17' title='bbox 503 352 729 402; x_wconf 84' lang='lat' dir='ltr'>Magnifico</span> <span class='ocrx_word' id='word_1_18' title='bbox 750 352 945 402; x_wconf 87' lang='lat' dir='ltr'>Johanne</span> <span class='ocrx_word' id='word_1_19' title='bbox 971 352 1115 402; x_wconf 82' lang='lat' dir='ltr'>Ungor</span> <span class='ocrx_word' id='word_1_20' title='bbox 1139 352 1190 390; x_wconf 86' lang='lat' dir='ltr'>de</span> <span class='ocrx_word' id='word_1_21' title='bbox 1214 351 1389 390; x_wconf 76' lang='lat' dir='ltr'>Nadasd</span> <span class='ocrx_word' id='word_1_22' title='bbox 1414 355 1563 390; x_wconf 90' lang='lat' dir='ltr'>contra</span> <span class='ocrx_word' id='word_1_23' title='bbox 1587 350 1861 401; x_wconf 85' lang='lat' dir='ltr'>Magnificum</span> 
     </span>
     <span class='ocr_line' id='line_1_4' title="bbox 160 409 1861 462; baseline -0.001 -13"><span class='ocrx_word' id='word_1_24' title='bbox 160 410 379 450; x_wconf 91' lang='lat' dir='ltr'>dominum</span> <span class='ocrx_word' id='word_1_25' title='bbox 403 411 665 462; x_wconf 77' lang='lat' dir='ltr'>Stephanum</span> <span class='ocrx_word' id='word_1_26' title='bbox 693 411 919 449; x_wconf 83' lang='lat' dir='ltr'>vaivodam</span> <span class='ocrx_word' id='word_1_27' title='bbox 948 411 1278 450; x_wconf 85' lang='lat' dir='ltr'>Moldaviensem</span> <span class='ocrx_word' id='word_1_28' title='bbox 1300 423 1348 449; x_wconf 90' lang='lat' dir='ltr'>ac</span> <span class='ocrx_word' id='word_1_29' title='bbox 1368 410 1555 456; x_wconf 82' lang='lat' dir='ltr'>Choban‚</span> <span class='ocrx_word' id='word_1_30' title='bbox 1584 410 1666 448; x_wconf 88' lang='lat' dir='ltr'>alio</span> <span class='ocrx_word' id='word_1_31' title='bbox 1691 409 1861 448; x_wconf 86' lang='lat' dir='ltr'>nomine</span> 
     </span>
     <span class='ocr_line' id='line_1_5' title="bbox 160 468 1859 522; baseline -0.001 -14"><span class='ocrx_word' id='word_1_32' title='bbox 160 470 336 520; x_wconf 86' lang='lat' dir='ltr'>Bogdan</span> <span class='ocrx_word' id='word_1_33' title='bbox 366 470 598 516; x_wconf 89' lang='lat' dir='ltr'>dominum,</span> <span class='ocrx_word' id='word_1_34' title='bbox 631 470 765 508; x_wconf 86' lang='lat' dir='ltr'>filium</span> <span class='ocrx_word' id='word_1_35' title='bbox 794 471 981 509; x_wconf 87' lang='lat' dir='ltr'>eiusdem</span> <span class='ocrx_word' id='word_1_36' title='bbox 1011 483 1136 522; x_wconf 85' lang='lat' dir='ltr'>super</span> <span class='ocrx_word' id='word_1_37' title='bbox 1164 470 1351 521; x_wconf 84' lang='lat' dir='ltr'>quadam</span> <span class='ocrx_word' id='word_1_38' title='bbox 1380 469 1707 521; x_wconf 88' lang='lat' dir='ltr'>possessionaria</span> <span class='ocrx_word' id='word_1_39' title='bbox 1736 468 1859 507; x_wconf 87' lang='lat' dir='ltr'>vicei-</span> 
     </span>
     <span class='ocr_line' id='line_1_6' title="bbox 160 527 1861 575; baseline -0.001 -7"><span class='ocrx_word' id='word_1_40' title='bbox 160 533 298 568; x_wconf 87' lang='lat' dir='ltr'>terata</span> <span class='ocrx_word' id='word_1_41' title='bbox 329 530 677 575; x_wconf 86' lang='lat' dir='ltr'>reambulatione,</span> <span class='ocrx_word' id='word_1_42' title='bbox 711 530 1006 568; x_wconf 73' lang='lat' dir='ltr'>aestimatione</span> <span class='ocrx_word' id='word_1_43' title='bbox 1038 542 1086 568; x_wconf 86' lang='lat' dir='ltr'>ac</span> <span class='ocrx_word' id='word_1_44' title='bbox 1118 542 1355 567; x_wconf 89' lang='lat' dir='ltr'>marcarum</span> <span class='ocrx_word' id='word_1_45' title='bbox 1399 529 1609 567; x_wconf 84' lang='lat' dir='ltr'>solutione</span> <span class='ocrx_word' id='word_1_46' title='bbox 1653 532 1694 567; x_wconf 88' lang='lat' dir='ltr'>et</span> <span class='ocrx_word' id='word_1_47' title='bbox 1733 527 1861 566; x_wconf 89' lang='lat' dir='ltr'>titulo</span> 
     </span>
    </p>

    <p class='ocr_par' dir='ltr' id='par_1_3' title="bbox 129 587 1861 759">
     <span class='ocr_line' id='line_1_7' title="bbox 129 587 1861 640; baseline -0.001 -13"><span class='ocrx_word' id='word_1_48' title='bbox 129 588 344 640; x_wconf 73' lang='lat' dir='ltr'>bpignoris</span> <span class='ocrx_word' id='word_1_49' title='bbox 368 589 603 627; x_wconf 88' lang='lat' dir='ltr'>statutione</span> <span class='ocrx_word' id='word_1_50' title='bbox 627 601 700 640; x_wconf 90' lang='lat' dir='ltr'>per</span> <span class='ocrx_word' id='word_1_51' title='bbox 724 593 914 627; x_wconf 88' lang='lat' dir='ltr'>nostrum</span> <span class='ocrx_word' id='word_1_52' title='bbox 941 593 982 627; x_wconf 90' lang='lat' dir='ltr'>et</span> <span class='ocrx_word' id='word_1_53' title='bbox 1008 593 1196 627; x_wconf 85' lang='lat' dir='ltr'>vestrum</span> <span class='ocrx_word' id='word_1_54' title='bbox 1222 589 1412 627; x_wconf 89' lang='lat' dir='ltr'>homines</span> <span class='ocrx_word' id='word_1_55' title='bbox 1437 588 1563 626; x_wconf 90' lang='lat' dir='ltr'>modo</span> <span class='ocrx_word' id='word_1_56' title='bbox 1588 587 1861 638; x_wconf 86' lang='lat' dir='ltr'>intrascripto</span> 
     </span>
     <span class='ocr_line' id='line_1_8' title="bbox 159 646 1859 698; baseline -0.001 -13"><span class='ocrx_word' id='word_1_57' title='bbox 159 647 324 686; x_wconf 75' lang='lat' dir='ltr'>fiendae</span> <span class='ocrx_word' id='word_1_58' title='bbox 352 648 627 694; x_wconf 79' lang='lat' dir='ltr'>memoriales,</span> <span class='ocrx_word' id='word_1_59' title='bbox 657 648 775 686; x_wconf 85' lang='lat' dir='ltr'>cuius</span> <span class='ocrx_word' id='word_1_60' title='bbox 803 649 927 687; x_wconf 83' lang='lat' dir='ltr'>series</span> <span class='ocrx_word' id='word_1_61' title='bbox 947 649 1000 686; x_wconf 86' lang='lat' dir='ltr'>ad</span> <span class='ocrx_word' id='word_1_62' title='bbox 1021 652 1198 687; x_wconf 85' lang='lat' dir='ltr'>octavas</span> <span class='ocrx_word' id='word_1_63' title='bbox 1226 648 1323 686; x_wconf 84' lang='lat' dir='ltr'>festi</span> <span class='ocrx_word' id='word_1_64' title='bbox 1350 647 1475 686; x_wconf 85' lang='lat' dir='ltr'>Beati</span> <span class='ocrx_word' id='word_1_65' title='bbox 1499 647 1650 697; x_wconf 88' lang='lat' dir='ltr'>Jacobi</span> <span class='ocrx_word' id='word_1_66' title='bbox 1677 646 1859 698; x_wconf 88' lang='lat' dir='ltr'>apostoli</span> 
     </span>
     <span class='ocr_line' id='line_1_9' title="bbox 158 707 1428 759; baseline 0 -14"><span class='ocrx_word' id='word_1_67' title='bbox 158 719 271 745; x_wconf 90' lang='lat' dir='ltr'>nunc</span> <span class='ocrx_word' id='word_1_68' title='bbox 299 711 502 746; x_wconf 87' lang='lat' dir='ltr'>venturas</span> <span class='ocrx_word' id='word_1_69' title='bbox 530 707 715 758; x_wconf 80' lang='lat' dir='ltr'>legitime</span> <span class='ocrx_word' id='word_1_70' title='bbox 744 708 1034 759; x_wconf 84' lang='lat' dir='ltr'>perdurandas</span> <span class='ocrx_word' id='word_1_71' title='bbox 1062 712 1103 746; x_wconf 91' lang='lat' dir='ltr'>et</span> <span class='ocrx_word' id='word_1_72' title='bbox 1134 707 1428 759; x_wconf 86' lang='lat' dir='ltr'>reportandas.</span> 
     </span>
    </p>
   </div>
   <div class='ocr_carea' id='block_1_3' title="bbox 158 792 1861 907">
    <p class='ocr_par' dir='ltr' id='par_1_4' title="bbox 158 792 1861 907">
     <span class='ocr_line' id='line_1_10' title="bbox 305 792 1861 849; baseline -0.001 -14"><span class='ocrx_word' id='word_1_73' title='bbox 305 794 458 844; x_wconf 86' lang='lat' dir='ltr'>Lecta,</span> <span class='ocrx_word' id='word_1_74' title='bbox 506 798 799 849; x_wconf 87' lang='lat' dir='ltr'>praesentata</span> <span class='ocrx_word' id='word_1_75' title='bbox 844 799 889 836; x_wconf 90' lang='lat' dir='ltr'>et</span> <span class='ocrx_word' id='word_1_76' title='bbox 936 794 1181 836; x_wconf 87' lang='lat' dir='ltr'>extradata</span> <span class='ocrx_word' id='word_1_77' title='bbox 1227 794 1271 835; x_wconf 88' lang='lat' dir='ltr'>in</span> <span class='ocrx_word' id='word_1_78' title='bbox 1318 794 1423 835; x_wconf 88' lang='lat' dir='ltr'>sede</span> <span class='ocrx_word' id='word_1_79' title='bbox 1468 807 1548 848; x_wconf 93' lang='lat' dir='ltr'>per</span> <span class='ocrx_word' id='word_1_80' title='bbox 1592 792 1861 847; x_wconf 82' lang='lat' dir='ltr'>Magistrum</span> 
     </span>
     <span class='ocr_line' id='line_1_11' title="bbox 158 864 758 907; baseline 0.002 -1"><span class='ocrx_word' id='word_1_81' title='bbox 158 864 450 906; x_wconf 86' lang='lat' dir='ltr'>Franciscum</span> <span class='ocrx_word' id='word_1_82' title='bbox 481 865 536 906; x_wconf 92' lang='lat' dir='ltr'>de</span> <span class='ocrx_word' id='word_1_83' title='bbox 567 866 758 907; x_wconf 84' lang='lat' dir='ltr'>Barcha.</span> 
     </span>
    </p>
   </div>
   <div class='ocr_carea' id='block_1_4' title="bbox 104 957 1607 1004">
    <p class='ocr_par' dir='ltr' id='par_1_5' title="bbox 104 957 1607 1004">
     <span class='ocr_line' id='line_1_12' title="bbox 104 957 1607 1004; baseline -0.001 -11"><span class='ocrx_word' id='word_1_84' title='bbox 104 972 140 998; x_wconf 91' lang='lat'>10</span> <span class='ocrx_word' id='word_1_85' title='bbox 416 958 642 1004; x_wconf 85' lang='lat' dir='ltr'>(Originale.</span> <span class='ocrx_word' id='word_1_86' title='bbox 669 959 864 1004; x_wconf 85' lang='lat' dir='ltr'>Orszagos</span> <span class='ocrx_word' id='word_1_87' title='bbox 890 959 1086 1000; x_wconf 66' lang='lat' dir='ltr'>Lex-estas,</span> <span class='ocrx_word' id='word_1_88' title='bbox 1115 960 1334 1004; x_wconf 87' lang='lat' dir='ltr'>Budapest.</span> <span class='ocrx_word' id='word_1_89' title='bbox 1362 958 1425 992; x_wconf 90' lang='lat' dir='ltr'>Dl.</span> <span class='ocrx_word' id='word_1_90' title='bbox 1453 957 1607 1003; x_wconf 86' lang='lat'><em>28000.)</em></span> 
     </span>
    </p>
   </div>
   <div class='ocr_carea' id='block_1_5' title="bbox 961 1099 1030 1140">
    <p class='ocr_par' dir='ltr' id='par_1_6' title="bbox 961 1099 1030 1140">
     <span class='ocr_line' id='line_1_13' title="bbox 961 1099 1030 1140; baseline 0.014 -1"><span class='ocrx_word' id='word_1_91' title='bbox 961 1099 1030 1140; x_wconf 88' lang='lat'>47.</span> 
     </span>
    </p>
   </div>
   <div class='ocr_carea' id='block_1_6' title="bbox 238 1207 1775 1351">
    <p class='ocr_par' dir='ltr' id='par_1_7' title="bbox 238 1207 1775 1351">
     <span class='ocr_line' id='line_1_14' title="bbox 639 1207 1374 1262; baseline -0.001 -12"><span class='ocrx_word' id='word_1_92' title='bbox 639 1207 917 1262; x_wconf 71' lang='lat' dir='ltr'>Nagyvcirad,</span> <span class='ocrx_word' id='word_1_93' title='bbox 959 1220 1027 1261; x_wconf 81' lang='lat'>15.</span> <span class='ocrx_word' id='word_1_94' title='bbox 1069 1208 1206 1262; x_wconf 82' lang='lat' dir='ltr'>Junii</span> <span class='ocrx_word' id='word_1_95' title='bbox 1246 1220 1374 1261; x_wconf 81' lang='lat'><em>1501.</em></span> 
     </span>
     <span class='ocr_line' id='line_1_15' title="bbox 238 1297 1775 1351; baseline 0 -14"><span class='ocrx_word' id='word_1_96' title='bbox 238 1297 481 1351; x_wconf 82' lang='lat' dir='ltr'>Capitulum</span> <span class='ocrx_word' id='word_1_97' title='bbox 528 1299 723 1338; x_wconf 86' lang='lat' dir='ltr'>ecclesiae</span> <span class='ocrx_word' id='word_1_98' title='bbox 769 1299 1037 1338; x_wconf 87' lang='lat' dir='ltr'>Varadiensis</span> <span class='ocrx_word' id='word_1_99' title='bbox 1082 1312 1158 1351; x_wconf 95' lang='lat' dir='ltr'>pro</span> <span class='ocrx_word' id='word_1_100' title='bbox 1203 1303 1324 1351; x_wconf 91' lang='lat' dir='ltr'>parte</span> <span class='ocrx_word' id='word_1_101' title='bbox 1370 1298 1555 1337; x_wconf 87' lang='lat' dir='ltr'>Emerici</span> <span class='ocrx_word' id='word_1_102' title='bbox 1602 1297 1775 1337; x_wconf 88' lang='lat' dir='ltr'>Czobor.</span> 
     </span>
    </p>
   </div>
   <div class='ocr_carea' id='block_1_7' title="bbox 101 1397 1856 1737">
    <p class='ocr_par' dir='ltr' id='par_1_8' title="bbox 304 1397 1856 1453">
     <span class='ocr_line' id='line_1_16' title="bbox 304 1397 1856 1453; baseline 0 -15"><span class='ocrx_word' id='word_1_103' title='bbox 304 1397 623 1439; x_wconf 76' lang='lat' dir='ltr'>Testimonium</span> <span class='ocrx_word' id='word_1_104' title='bbox 642 1398 691 1439; x_wconf 80' lang='lat' dir='ltr'>de</span> <span class='ocrx_word' id='word_1_105' title='bbox 711 1412 770 1446; x_wconf 73' lang='lat' dir='ltr'>co,</span> <span class='ocrx_word' id='word_1_106' title='bbox 798 1399 909 1453; x_wconf 78' lang='lat' dir='ltr'>qnod</span> <span class='ocrx_word' id='word_1_107' title='bbox 941 1398 1132 1439; x_wconf 68' lang='lat' dir='ltr'>Emcricz?</span> <span class='ocrx_word' id='word_1_108' title='bbox 1161 1398 1320 1440; x_wconf 76' lang='lat' dir='ltr'>Czobor</span> <span class='ocrx_word' id='word_1_109' title='bbox 1355 1399 1426 1453; x_wconf 74' lang='lat' dir='ltr'>(ut</span> <span class='ocrx_word' id='word_1_110' title='bbox 1455 1398 1580 1452; x_wconf 65' lang='lat' dir='ltr'>legati</span> <span class='ocrx_word' id='word_1_111' title='bbox 1622 1397 1856 1439; x_wconf 75' lang='lat' dir='ltr'>Wladislczi</span> 
     </span>
    </p>

    <p class='ocr_par' dir='ltr' id='par_1_9' title="bbox 101 1468 1856 1524">
     <span class='ocr_line' id='line_1_17' title="bbox 101 1468 1856 1524; baseline 0 -15"><span class='ocrx_word' id='word_1_112' title='bbox 101 1481 137 1508; x_wconf 84' lang='lat'>15</span> <span class='ocrx_word' id='word_1_113' title='bbox 156 1468 265 1524; x_wconf 80' lang='lat' dir='ltr'>regis</span> <span class='ocrx_word' id='word_1_114' title='bbox 299 1468 356 1510; x_wconf 86' lang='lat' dir='ltr'>ad</span> <span class='ocrx_word' id='word_1_115' title='bbox 388 1468 616 1510; x_wconf 69' lang='lat' dir='ltr'>vaivodam</span> <span class='ocrx_word' id='word_1_116' title='bbox 649 1469 704 1510; x_wconf 85' lang='lat' dir='ltr'><em>M</em></span> <span class='ocrx_word' id='word_1_117' title='bbox 708 1469 903 1510; x_wconf 70' lang='lat' dir='ltr'>oldaviae</span> <span class='ocrx_word' id='word_1_118' title='bbox 936 1469 1086 1523; x_wconf 75' lang='lat' dir='ltr'>missi)</span> <span class='ocrx_word' id='word_1_119' title='bbox 1125 1469 1217 1510; x_wconf 71' lang='lat' dir='ltr'>heri</span> <span class='ocrx_word' id='word_1_120' title='bbox 1255 1469 1532 1511; x_wconf 75' lang='lat' dir='ltr'>Varadz&#39;num</span> <span class='ocrx_word' id='word_1_121' title='bbox 1554 1468 1779 1517; x_wconf 72' lang='lat' dir='ltr'>venientis,</span> <span class='ocrx_word' id='word_1_122' title='bbox 1809 1468 1856 1510; x_wconf 76' lang='lat' dir='ltr'>in</span> 
     </span>
    </p>

    <p class='ocr_par' dir='ltr' id='par_1_10' title="bbox 154 1539 1855 1595">
     <span class='ocr_line' id='line_1_18' title="bbox 154 1539 1855 1595; baseline 0 -15"><span class='ocrx_word' id='word_1_123' title='bbox 154 1539 246 1591; x_wconf 78' lang='lat' dir='ltr'>soro</span> <span class='ocrx_word' id='word_1_124' title='bbox 276 1539 411 1588; x_wconf 75' lang='lat' dir='ltr'>urbis,</span> <span class='ocrx_word' id='word_1_125' title='bbox 444 1553 470 1580; x_wconf 83' lang='grc' dir='ltr'><em>α</em></span> <span class='ocrx_word' id='word_1_126' title='bbox 496 1539 661 1581; x_wconf 71' lang='lat' dir='ltr'>duobus</span> <span class='ocrx_word' id='word_1_127' title='bbox 689 1540 912 1581; x_wconf 74' lang='lat' dir='ltr'>canonicis</span> <span class='ocrx_word' id='word_1_128' title='bbox 951 1540 993 1580; x_wconf 57' lang='grc' dir='ltr'>π’</span> <span class='ocrx_word' id='word_1_129' title='bbox 1026 1540 1137 1582; x_wconf 67' lang='lat' dir='ltr'>servi</span> <span class='ocrx_word' id='word_1_130' title='bbox 1178 1540 1271 1581; x_wconf 80' lang='lat' dir='ltr'>cius</span> <span class='ocrx_word' id='word_1_131' title='bbox 1299 1540 1605 1594; x_wconf 72' lang='lat' dir='ltr'>aggrediuntur</span> <span class='ocrx_word' id='word_1_132' title='bbox 1637 1543 1673 1580; x_wconf 76' lang='lat' dir='ltr'>et</span> <span class='ocrx_word' id='word_1_133' title='bbox 1692 1539 1855 1595; x_wconf 70' lang='lat' dir='ltr'>partim</span> 
     </span>
    </p>

    <p class='ocr_par' dir='ltr' id='par_1_11' title="bbox 156 1610 1855 1737">
     <span class='ocr_line' id='line_1_19' title="bbox 156 1610 1855 1666; baseline -0.001 -14"><span class='ocrx_word' id='word_1_134' title='bbox 156 1610 284 1660; x_wconf 75' lang='lat' dir='ltr'>caesi,</span> <span class='ocrx_word' id='word_1_135' title='bbox 325 1611 490 1665; x_wconf 74' lang='lat' dir='ltr'>partim</span> <span class='ocrx_word' id='word_1_136' title='bbox 521 1611 654 1652; x_wconf 69' lang='lat' dir='ltr'>vincti</span> <span class='ocrx_word' id='word_1_137' title='bbox 696 1615 827 1657; x_wconf 67' lang='lat' dir='ltr'>sunt:</span> <span class='ocrx_word' id='word_1_138' title='bbox 862 1625 970 1666; x_wconf 75' lang='lat' dir='ltr'>quac:</span> <span class='ocrx_word' id='word_1_139' title='bbox 1009 1625 1073 1652; x_wconf 64' lang='lat' dir='ltr'>res</span> <span class='ocrx_word' id='word_1_140' title='bbox 1115 1611 1299 1666; x_wconf 73' lang='lat' dir='ltr'>legatum</span> <span class='ocrx_word' id='word_1_141' title='bbox 1328 1611 1563 1666; x_wconf 70' lang='lat' dir='ltr'>prohibuit,</span> <span class='ocrx_word' id='word_1_142' title='bbox 1596 1615 1642 1652; x_wconf 74' lang='lat' dir='ltr'>ut</span> <span class='ocrx_word' id='word_1_143' title='bbox 1671 1611 1855 1665; x_wconf 75' lang='lat' dir='ltr'>legatum</span> 
     </span>
     <span class='ocr_line' id='line_1_20' title="bbox 160 1681 1390 1737; baseline 0.001 -14"><span class='ocrx_word' id='word_1_144' title='bbox 160 1681 394 1723; x_wconf 72' lang='lat' dir='ltr'>Turcicum</span> <span class='ocrx_word' id='word_1_145' title='bbox 423 1682 480 1723; x_wconf 78' lang='lat' dir='ltr'>ad</span> <span class='ocrx_word' id='word_1_146' title='bbox 516 1682 744 1723; x_wconf 77' lang='lat' dir='ltr'>vaivodam</span> <span class='ocrx_word' id='word_1_147' title='bbox 777 1686 1077 1737; x_wconf 71' lang='lat' dir='ltr'>properantem</span> <span class='ocrx_word' id='word_1_148' title='bbox 1111 1683 1390 1737; x_wconf 73' lang='lat' dir='ltr'>praeveniret.</span> 
     </span>
    </p>
   </div>
   <div class='ocr_carea' id='block_1_8' title="bbox 102 1787 1855 3174">
    <p class='ocr_par' dir='ltr' id='par_1_12' title="bbox 305 1787 1855 1843">
     <span class='ocr_line' id='line_1_21' title="bbox 305 1787 1855 1843; baseline 0 -14"><span class='ocrx_word' id='word_1_149' title='bbox 305 1787 399 1829; x_wconf 91' lang='lat' dir='ltr'>Nos</span> <span class='ocrx_word' id='word_1_150' title='bbox 433 1788 684 1843; x_wconf 91' lang='lat' dir='ltr'>capitulum</span> <span class='ocrx_word' id='word_1_151' title='bbox 719 1788 929 1830; x_wconf 86' lang='lat' dir='ltr'>ecclesiae</span> <span class='ocrx_word' id='word_1_152' title='bbox 960 1787 1115 1829; x_wconf 83' lang='lat' dir='ltr'>Sancti</span> <span class='ocrx_word' id='word_1_153' title='bbox 1146 1787 1366 1842; x_wconf 83' lang='lat' dir='ltr'>Stephani</span> <span class='ocrx_word' id='word_1_154' title='bbox 1400 1787 1765 1842; x_wconf 82' lang='lat' dir='ltr'>prothomartiris</span> <span class='ocrx_word' id='word_1_155' title='bbox 1800 1788 1855 1829; x_wconf 89' lang='lat' dir='ltr'>de</span> 
     </span>
    </p>

    <p class='ocr_par' dir='ltr' id='par_1_13' title="bbox 102 1858 1855 3174">
     <span class='ocr_line' id='line_1_22' title="bbox 102 1858 1854 1913; baseline -0.001 -13"><span class='ocrx_word' id='word_1_156' title='bbox 102 1873 139 1899; x_wconf 85' lang='lat'>20</span> <span class='ocrx_word' id='word_1_157' title='bbox 157 1859 467 1913; x_wconf 88' lang='lat' dir='ltr'>promontorio</span> <span class='ocrx_word' id='word_1_158' title='bbox 494 1859 787 1900; x_wconf 89' lang='lat' dir='ltr'>Waradiensi.</span> <span class='ocrx_word' id='word_1_159' title='bbox 818 1858 1059 1900; x_wconf 88' lang='lat' dir='ltr'>Memoriae</span> <span class='ocrx_word' id='word_1_160' title='bbox 1081 1858 1465 1907; x_wconf 85' lang='lat' dir='ltr'>commendamus,</span> <span class='ocrx_word' id='word_1_161' title='bbox 1495 1858 1618 1912; x_wconf 91' lang='lat' dir='ltr'>quod</span> <span class='ocrx_word' id='word_1_162' title='bbox 1638 1858 1854 1913; x_wconf 82' lang='lat' dir='ltr'>Egregius</span> 
     </span>
     <span class='ocr_line' id='line_1_23' title="bbox 158 1929 1853 1985; baseline 0 -15"><span class='ocrx_word' id='word_1_163' title='bbox 158 1929 391 1971; x_wconf 88' lang='lat' dir='ltr'>Emericus</span> <span class='ocrx_word' id='word_1_164' title='bbox 436 1930 607 1972; x_wconf 87' lang='lat' dir='ltr'>Czobor</span> <span class='ocrx_word' id='word_1_165' title='bbox 651 1930 706 1971; x_wconf 87' lang='lat' dir='ltr'>de</span> <span class='ocrx_word' id='word_1_166' title='bbox 750 1930 1069 1985; x_wconf 77' lang='lat' dir='ltr'>Zenthmyhal,</span> <span class='ocrx_word' id='word_1_167' title='bbox 1115 1929 1387 1971; x_wconf 84' lang='lat' dir='ltr'>camerarius</span> <span class='ocrx_word' id='word_1_168' title='bbox 1430 1929 1592 1970; x_wconf 90' lang='lat' dir='ltr'>salium</span> <span class='ocrx_word' id='word_1_169' title='bbox 1636 1929 1853 1984; x_wconf 85' lang='lat' dir='ltr'>regalium</span> 
     </span>
     <span class='ocr_line' id='line_1_24' title="bbox 157 1999 1852 2055; baseline -0.001 -13"><span class='ocrx_word' id='word_1_170' title='bbox 157 2000 357 2055; x_wconf 89' lang='lat' dir='ltr'>partium</span> <span class='ocrx_word' id='word_1_171' title='bbox 387 2001 863 2049; x_wconf 87' lang='lat' dir='ltr'>Transilvaniensium,</span> <span class='ocrx_word' id='word_1_172' title='bbox 895 2014 1045 2042; x_wconf 92' lang='lat' dir='ltr'>coram</span> <span class='ocrx_word' id='word_1_173' title='bbox 1076 2000 1208 2041; x_wconf 91' lang='lat' dir='ltr'>nobis</span> <span class='ocrx_word' id='word_1_174' title='bbox 1237 1999 1532 2055; x_wconf 86' lang='lat' dir='ltr'>personaliter</span> <span class='ocrx_word' id='word_1_175' title='bbox 1561 1999 1852 2049; x_wconf 90' lang='lat' dir='ltr'>constitutus,</span> 
     </span>
     <span class='ocr_line' id='line_1_25' title="bbox 157 2070 1851 2127; baseline -0.001 -14"><span class='ocrx_word' id='word_1_176' title='bbox 157 2085 238 2126; x_wconf 91' lang='lat' dir='ltr'>per</span> <span class='ocrx_word' id='word_1_177' title='bbox 256 2072 444 2113; x_wconf 91' lang='lat' dir='ltr'>modum</span> <span class='ocrx_word' id='word_1_178' title='bbox 465 2072 809 2127; x_wconf 87' lang='lat' dir='ltr'>protestationis</span> <span class='ocrx_word' id='word_1_179' title='bbox 829 2071 959 2113; x_wconf 89' lang='lat' dir='ltr'>nobis</span> <span class='ocrx_word' id='word_1_180' title='bbox 978 2071 1232 2126; x_wconf 86' lang='lat' dir='ltr'>significare</span> <span class='ocrx_word' id='word_1_181' title='bbox 1251 2070 1427 2112; x_wconf 88' lang='lat' dir='ltr'>curavit</span> <span class='ocrx_word' id='word_1_182' title='bbox 1445 2070 1490 2112; x_wconf 90' lang='lat' dir='ltr'>in</span> <span class='ocrx_word' id='word_1_183' title='bbox 1505 2071 1624 2112; x_wconf 91' lang='lat' dir='ltr'>hunc</span> <span class='ocrx_word' id='word_1_184' title='bbox 1644 2071 1851 2112; x_wconf 89' lang='lat' dir='ltr'>modum:</span> 
     </span>
     <span class='ocr_line' id='line_1_26' title="bbox 158 2141 1854 2197; baseline -0.001 -13"><span class='ocrx_word' id='word_1_185' title='bbox 158 2142 291 2197; x_wconf 74' lang='lat' dir='ltr'>Quod</span> <span class='ocrx_word' id='word_1_186' title='bbox 328 2142 421 2197; x_wconf 88' lang='lat' dir='ltr'>ipse</span> <span class='ocrx_word' id='word_1_187' title='bbox 458 2156 540 2197; x_wconf 91' lang='lat' dir='ltr'>pro</span> <span class='ocrx_word' id='word_1_188' title='bbox 576 2157 696 2184; x_wconf 90' lang='lat' dir='ltr'>nunc</span> <span class='ocrx_word' id='word_1_189' title='bbox 734 2143 779 2184; x_wconf 92' lang='lat' dir='ltr'>in</span> <span class='ocrx_word' id='word_1_190' title='bbox 816 2142 1029 2196; x_wconf 81' lang='lat' dir='ltr'>singulari</span> <span class='ocrx_word' id='word_1_191' title='bbox 1067 2142 1291 2196; x_wconf 82' lang='lat' dir='ltr'>legatione</span> <span class='ocrx_word' id='word_1_192' title='bbox 1325 2141 1604 2183; x_wconf 85' lang='lat' dir='ltr'>Serenissimi</span> <span class='ocrx_word' id='word_1_193' title='bbox 1640 2141 1854 2196; x_wconf 89' lang='lat' dir='ltr'>principis</span> 
     </span>
     <span class='ocr_line' id='line_1_27' title="bbox 103 2211 1854 2268; baseline 0 -14"><span class='ocrx_word' id='word_1_194' title='bbox 103 2228 140 2254; x_wconf 85' lang='lat'>25</span> <span class='ocrx_word' id='word_1_195' title='bbox 158 2217 202 2254; x_wconf 91' lang='lat' dir='ltr'>et</span> <span class='ocrx_word' id='word_1_196' title='bbox 235 2213 419 2263; x_wconf 89' lang='lat' dir='ltr'>domini,</span> <span class='ocrx_word' id='word_1_197' title='bbox 455 2213 626 2255; x_wconf 89' lang='lat' dir='ltr'>domini</span> <span class='ocrx_word' id='word_1_198' title='bbox 657 2213 904 2261; x_wconf 75' lang='lat' dir='ltr'>VVladislai,</span> <span class='ocrx_word' id='word_1_199' title='bbox 962 2213 1045 2254; x_wconf 91' lang='lat' dir='ltr'>Dei</span> <span class='ocrx_word' id='word_1_200' title='bbox 1076 2212 1223 2268; x_wconf 88' lang='lat' dir='ltr'>gratia</span> <span class='ocrx_word' id='word_1_201' title='bbox 1253 2212 1367 2267; x_wconf 89' lang='lat' dir='ltr'>regis</span> <span class='ocrx_word' id='word_1_202' title='bbox 1399 2211 1674 2267; x_wconf 86' lang='lat' dir='ltr'>Hungariae,</span> <span class='ocrx_word' id='word_1_203' title='bbox 1709 2212 1854 2254; x_wconf 86' lang='lat' dir='ltr'>Bohe—</span> 
     </span>
     <span class='ocr_line' id='line_1_28' title="bbox 158 2282 1854 2338; baseline 0.001 -14"><span class='ocrx_word' id='word_1_204' title='bbox 158 2283 275 2325; x_wconf 89' lang='lat' dir='ltr'>miae</span> <span class='ocrx_word' id='word_1_205' title='bbox 310 2289 412 2334; x_wconf 62' lang='lat' dir='ltr'>etc„</span> <span class='ocrx_word' id='word_1_206' title='bbox 449 2284 621 2326; x_wconf 88' lang='lat' dir='ltr'>domini</span> <span class='ocrx_word' id='word_1_207' title='bbox 657 2284 799 2326; x_wconf 83' lang='lat' dir='ltr'>nostri</span> <span class='ocrx_word' id='word_1_208' title='bbox 834 2283 1054 2325; x_wconf 87' lang='lat' dir='ltr'>naturalis</span> <span class='ocrx_word' id='word_1_209' title='bbox 1089 2282 1413 2338; x_wconf 82' lang='lat' dir='ltr'>gratiosissimi,</span> <span class='ocrx_word' id='word_1_210' title='bbox 1452 2297 1532 2337; x_wconf 92' lang='lat' dir='ltr'>per</span> <span class='ocrx_word' id='word_1_211' title='bbox 1566 2283 1760 2324; x_wconf 87' lang='lat' dir='ltr'>eundem</span> <span class='ocrx_word' id='word_1_212' title='bbox 1796 2283 1854 2325; x_wconf 90' lang='lat' dir='ltr'>ad</span> 
     </span>
     <span class='ocr_line' id='line_1_29' title="bbox 157 2353 1854 2409; baseline 0 -13"><span class='ocrx_word' id='word_1_213' title='bbox 157 2354 413 2396; x_wconf 85' lang='lat' dir='ltr'>waivodam</span> <span class='ocrx_word' id='word_1_214' title='bbox 444 2355 799 2397; x_wconf 87' lang='lat' dir='ltr'>Moldaviensem</span> <span class='ocrx_word' id='word_1_215' title='bbox 844 2355 1092 2409; x_wconf 87' lang='lat' dir='ltr'>deputatus</span> <span class='ocrx_word' id='word_1_216' title='bbox 1130 2354 1287 2395; x_wconf 89' lang='lat' dir='ltr'>fuisset</span> <span class='ocrx_word' id='word_1_217' title='bbox 1319 2358 1364 2395; x_wconf 91' lang='lat' dir='ltr'>et</span> <span class='ocrx_word' id='word_1_218' title='bbox 1397 2354 1506 2395; x_wconf 91' lang='lat' dir='ltr'>dum</span> <span class='ocrx_word' id='word_1_219' title='bbox 1539 2353 1611 2395; x_wconf 88' lang='lat' dir='ltr'>die</span> <span class='ocrx_word' id='word_1_220' title='bbox 1642 2354 1854 2396; x_wconf 87' lang='lat' dir='ltr'>hesterna</span> 
     </span>
     <span class='ocr_line' id='line_1_30' title="bbox 159 2424 1854 2480; baseline 0 -14"><span class='ocrx_word' id='word_1_221' title='bbox 159 2425 218 2467; x_wconf 85' lang='lat' dir='ltr'>ad</span> <span class='ocrx_word' id='word_1_222' title='bbox 246 2425 481 2467; x_wconf 88' lang='lat' dir='ltr'>civitatem</span> <span class='ocrx_word' id='word_1_223' title='bbox 511 2426 850 2468; x_wconf 81' lang='lat' dir='ltr'>VVaradiensem</span> <span class='ocrx_word' id='word_1_224' title='bbox 880 2425 1157 2480; x_wconf 86' lang='lat' dir='ltr'>pervenisset</span> <span class='ocrx_word' id='word_1_225' title='bbox 1187 2429 1231 2466; x_wconf 91' lang='lat' dir='ltr'>et</span> <span class='ocrx_word' id='word_1_226' title='bbox 1262 2424 1307 2465; x_wconf 91' lang='lat' dir='ltr'>in</span> <span class='ocrx_word' id='word_1_227' title='bbox 1336 2438 1418 2466; x_wconf 93' lang='lat' dir='ltr'>suo</span> <span class='ocrx_word' id='word_1_228' title='bbox 1446 2424 1644 2479; x_wconf 89' lang='lat' dir='ltr'>hospitio</span> <span class='ocrx_word' id='word_1_229' title='bbox 1674 2424 1854 2466; x_wconf 88' lang='lat' dir='ltr'>descen-</span> 
     </span>
     <span class='ocr_line' id='line_1_31' title="bbox 159 2495 1855 2550; baseline 0 -13"><span class='ocrx_word' id='word_1_230' title='bbox 159 2496 312 2545; x_wconf 86' lang='lat' dir='ltr'>disset,</span> <span class='ocrx_word' id='word_1_231' title='bbox 386 2501 554 2539; x_wconf 87' lang='lat' dir='ltr'>extunc</span> <span class='ocrx_word' id='word_1_232' title='bbox 626 2497 784 2539; x_wconf 88' lang='lat' dir='ltr'>eodem</span> <span class='ocrx_word' id='word_1_233' title='bbox 856 2496 927 2538; x_wconf 85' lang='lat' dir='ltr'>die</span> <span class='ocrx_word' id='word_1_234' title='bbox 1007 2495 1291 2537; x_wconf 87' lang='lat' dir='ltr'>honorabiles</span> <span class='ocrx_word' id='word_1_235' title='bbox 1375 2495 1589 2550; x_wconf 89' lang='lat' dir='ltr'>magister</span> <span class='ocrx_word' id='word_1_236' title='bbox 1653 2495 1855 2549; x_wconf 90' lang='lat' dir='ltr'>Joannes</span> 
     </span>
     <span class='ocr_line' id='line_1_32' title="bbox 107 2565 1854 2623; baseline -0.001 -15"><span class='ocrx_word' id='word_1_237' title='bbox 107 2582 143 2608; x_wconf 75' lang='lat' dir='ltr'>ao</span> <span class='ocrx_word' id='word_1_238' title='bbox 160 2566 445 2623; x_wconf 89' lang='lat' dir='ltr'>Bornemyza</span> <span class='ocrx_word' id='word_1_239' title='bbox 470 2572 515 2609; x_wconf 91' lang='lat' dir='ltr'>et</span> <span class='ocrx_word' id='word_1_240' title='bbox 544 2568 705 2609; x_wconf 88' lang='lat' dir='ltr'>Petrus</span> <span class='ocrx_word' id='word_1_241' title='bbox 733 2568 787 2610; x_wconf 92' lang='lat' dir='ltr'>de</span> <span class='ocrx_word' id='word_1_242' title='bbox 814 2567 962 2608; x_wconf 91' lang='lat' dir='ltr'>Zeben</span> <span class='ocrx_word' id='word_1_243' title='bbox 991 2567 1201 2614; x_wconf 86' lang='lat' dir='ltr'>decanus,</span> <span class='ocrx_word' id='word_1_244' title='bbox 1231 2565 1434 2607; x_wconf 87' lang='lat' dir='ltr'>canonici</span> <span class='ocrx_word' id='word_1_245' title='bbox 1460 2565 1672 2607; x_wconf 88' lang='lat' dir='ltr'>ecclesiae</span> <span class='ocrx_word' id='word_1_246' title='bbox 1699 2566 1854 2607; x_wconf 87' lang='lat' dir='ltr'>Wara-</span> 
     </span>
     <span class='ocr_line' id='line_1_33' title="bbox 160 2636 1854 2691; baseline 0 -13"><span class='ocrx_word' id='word_1_247' title='bbox 160 2637 339 2687; x_wconf 89' lang='lat' dir='ltr'>diensis‚</span> <span class='ocrx_word' id='word_1_248' title='bbox 376 2652 431 2680; x_wconf 85' lang='lat' dir='ltr'>ex</span> <span class='ocrx_word' id='word_1_249' title='bbox 467 2639 780 2680; x_wconf 86' lang='lat' dir='ltr'>commissione</span> <span class='ocrx_word' id='word_1_250' title='bbox 815 2643 859 2680; x_wconf 88' lang='lat' dir='ltr'>et</span> <span class='ocrx_word' id='word_1_251' title='bbox 897 2638 1135 2679; x_wconf 87' lang='lat' dir='ltr'>voluntate</span> <span class='ocrx_word' id='word_1_252' title='bbox 1170 2636 1445 2678; x_wconf 90' lang='lat' dir='ltr'>honorabilis</span> <span class='ocrx_word' id='word_1_253' title='bbox 1480 2636 1667 2691; x_wconf 87' lang='lat' dir='ltr'>capituli</span> <span class='ocrx_word' id='word_1_254' title='bbox 1702 2636 1854 2678; x_wconf 90' lang='lat' dir='ltr'>dictae</span> 
     </span>
     <span class='ocr_line' id='line_1_34' title="bbox 161 2707 1854 2762; baseline 0 -13"><span class='ocrx_word' id='word_1_255' title='bbox 161 2708 370 2750; x_wconf 86' lang='lat' dir='ltr'>ecclesiae</span> <span class='ocrx_word' id='word_1_256' title='bbox 416 2709 720 2751; x_wconf 87' lang='lat' dir='ltr'>Waradiensis</span> <span class='ocrx_word' id='word_1_257' title='bbox 765 2708 965 2751; x_wconf 90' lang='lat' dir='ltr'>studiose</span> <span class='ocrx_word' id='word_1_258' title='bbox 1011 2712 1054 2749; x_wconf 91' lang='lat' dir='ltr'>et</span> <span class='ocrx_word' id='word_1_259' title='bbox 1101 2722 1155 2748; x_wconf 79' lang='lat' dir='ltr'>ex</span> <span class='ocrx_word' id='word_1_260' title='bbox 1201 2711 1531 2762; x_wconf 90' lang='lat' dir='ltr'>praeconcepta</span> <span class='ocrx_word' id='word_1_261' title='bbox 1575 2707 1751 2748; x_wconf 91' lang='lat' dir='ltr'>malitia</span> <span class='ocrx_word' id='word_1_262' title='bbox 1796 2707 1854 2749; x_wconf 89' lang='lat' dir='ltr'>ad</span> 
     </span>
     <span class='ocr_line' id='line_1_35' title="bbox 159 2777 1854 2834; baseline -0.001 -15"><span class='ocrx_word' id='word_1_263' title='bbox 159 2779 408 2834; x_wconf 91' lang='lat' dir='ltr'>hospitium</span> <span class='ocrx_word' id='word_1_264' title='bbox 432 2780 724 2822; x_wconf 82' lang='lat' dir='ltr'>familiarium</span> <span class='ocrx_word' id='word_1_265' title='bbox 748 2793 946 2827; x_wconf 86' lang='lat' dir='ltr'>suorum,</span> <span class='ocrx_word' id='word_1_266' title='bbox 972 2778 1050 2820; x_wconf 92' lang='lat' dir='ltr'>ubi</span> <span class='ocrx_word' id='word_1_267' title='bbox 1078 2777 1288 2820; x_wconf 80' lang='lat' dir='ltr'>videlicet</span> <span class='ocrx_word' id='word_1_268' title='bbox 1318 2777 1540 2819; x_wconf 86' lang='lat' dir='ltr'>dicatores</span> <span class='ocrx_word' id='word_1_269' title='bbox 1568 2777 1677 2832; x_wconf 90' lang='lat' dir='ltr'>regii</span> <span class='ocrx_word' id='word_1_270' title='bbox 1705 2778 1854 2832; x_wconf 88' lang='lat' dir='ltr'>hospi-</span> 
     </span>
     <span class='ocr_line' id='line_1_36' title="bbox 161 2848 1853 2898; baseline 0.001 -9"><span class='ocrx_word' id='word_1_271' title='bbox 161 2849 278 2890; x_wconf 89' lang='lat' dir='ltr'>tium</span> <span class='ocrx_word' id='word_1_272' title='bbox 309 2850 573 2892; x_wconf 89' lang='lat' dir='ltr'>habuissent</span> <span class='ocrx_word' id='word_1_273' title='bbox 605 2855 650 2892; x_wconf 92' lang='lat' dir='ltr'>et</span> <span class='ocrx_word' id='word_1_274' title='bbox 682 2850 948 2898; x_wconf 89' lang='lat' dir='ltr'>tenuissent,</span> <span class='ocrx_word' id='word_1_275' title='bbox 982 2849 1027 2890; x_wconf 86' lang='lat' dir='ltr'>in</span> <span class='ocrx_word' id='word_1_276' title='bbox 1059 2849 1240 2890; x_wconf 87' lang='lat' dir='ltr'>theatro</span> <span class='ocrx_word' id='word_1_277' title='bbox 1271 2848 1552 2890; x_wconf 88' lang='lat' dir='ltr'>Waradiensi</span> <span class='ocrx_word' id='word_1_278' title='bbox 1584 2848 1853 2890; x_wconf 89' lang='lat' dir='ltr'>descenden-</span> 
     </span>
     <span class='ocr_line' id='line_1_37' title="bbox 106 2918 1853 2975; baseline -0.001 -14"><span class='ocrx_word' id='word_1_279' title='bbox 106 2934 143 2961; x_wconf 75' lang='grc'>35</span> <span class='ocrx_word' id='word_1_280' title='bbox 161 2919 291 2969; x_wconf 89' lang='lat' dir='ltr'>tium,</span> <span class='ocrx_word' id='word_1_281' title='bbox 322 2921 508 2963; x_wconf 88' lang='lat' dir='ltr'>armatis</span> <span class='ocrx_word' id='word_1_282' title='bbox 536 2921 746 2963; x_wconf 91' lang='lat' dir='ltr'>manibus</span> <span class='ocrx_word' id='word_1_283' title='bbox 774 2926 818 2962; x_wconf 90' lang='lat' dir='ltr'>et</span> <span class='ocrx_word' id='word_1_284' title='bbox 847 2919 1149 2975; x_wconf 88' lang='lat' dir='ltr'>potentiariis,</span> <span class='ocrx_word' id='word_1_285' title='bbox 1179 2933 1302 2960; x_wconf 90' lang='lat' dir='ltr'>more</span> <span class='ocrx_word' id='word_1_286' title='bbox 1329 2918 1600 2974; x_wconf 89' lang='lat' dir='ltr'>praedonico</span> <span class='ocrx_word' id='word_1_287' title='bbox 1628 2923 1673 2960; x_wconf 88' lang='lat' dir='ltr'>et</span> <span class='ocrx_word' id='word_1_288' title='bbox 1701 2919 1853 2960; x_wconf 91' lang='lat' dir='ltr'>hostili</span> 
     </span>
     <span class='ocr_line' id='line_1_38' title="bbox 161 2989 1851 3046; baseline 0 -15"><span class='ocrx_word' id='word_1_289' title='bbox 161 2990 407 3040; x_wconf 88' lang='lat' dir='ltr'>irruissent,</span> <span class='ocrx_word' id='word_1_290' title='bbox 445 2991 597 3046; x_wconf 87' lang='lat' dir='ltr'>ibique</span> <span class='ocrx_word' id='word_1_291' title='bbox 632 2992 791 3034; x_wconf 88' lang='lat' dir='ltr'>hostiis</span> <span class='ocrx_word' id='word_1_292' title='bbox 827 2991 1069 3033; x_wconf 85' lang='lat' dir='ltr'>confractis</span> <span class='ocrx_word' id='word_1_293' title='bbox 1104 2989 1214 3032; x_wconf 87' lang='lat' dir='ltr'>alios</span> <span class='ocrx_word' id='word_1_294' title='bbox 1249 3003 1304 3031; x_wconf 86' lang='lat' dir='ltr'>ex</span> <span class='ocrx_word' id='word_1_295' title='bbox 1339 2989 1402 3031; x_wconf 90' lang='lat' dir='ltr'>eis</span> <span class='ocrx_word' id='word_1_296' title='bbox 1437 2989 1718 3039; x_wconf 85' lang='lat' dir='ltr'>occidissent,</span> <span class='ocrx_word' id='word_1_297' title='bbox 1756 2990 1851 3031; x_wconf 85' lang='lat' dir='ltr'>aliis</span> 
     </span>
     <span class='ocr_line' id='line_1_39' title="bbox 161 3060 1853 3117; baseline 0 -15"><span class='ocrx_word' id='word_1_298' title='bbox 161 3075 268 3103; x_wconf 86' lang='lat' dir='ltr'>vero</span> <span class='ocrx_word' id='word_1_299' title='bbox 304 3061 410 3103; x_wconf 89' lang='lat' dir='ltr'>diris</span> <span class='ocrx_word' id='word_1_300' title='bbox 445 3063 683 3104; x_wconf 91' lang='lat' dir='ltr'>vulnerum</span> <span class='ocrx_word' id='word_1_301' title='bbox 731 3062 873 3117; x_wconf 90' lang='lat' dir='ltr'>plagis</span> <span class='ocrx_word' id='word_1_302' title='bbox 908 3067 953 3103; x_wconf 91' lang='lat' dir='ltr'>et</span> <span class='ocrx_word' id='word_1_303' title='bbox 988 3060 1228 3102; x_wconf 89' lang='lat' dir='ltr'>laetalibus</span> <span class='ocrx_word' id='word_1_304' title='bbox 1263 3060 1519 3102; x_wconf 78' lang='lat' dir='ltr'>affecissent</span> <span class='ocrx_word' id='word_1_305' title='bbox 1555 3064 1600 3102; x_wconf 90' lang='lat' dir='ltr'>et</span> <span class='ocrx_word' id='word_1_306' title='bbox 1636 3061 1853 3102; x_wconf 90' lang='lat' dir='ltr'>nonnulla</span> 
     </span>
     <span class='ocr_line' id='line_1_40' title="bbox 162 3131 1851 3174; baseline 0.001 -2"><span class='ocrx_word' id='word_1_307' title='bbox 162 3131 283 3173; x_wconf 89' lang='lat' dir='ltr'>bona</span> <span class='ocrx_word' id='word_1_308' title='bbox 327 3137 372 3174; x_wconf 90' lang='lat' dir='ltr'>et</span> <span class='ocrx_word' id='word_1_309' title='bbox 418 3146 486 3174; x_wconf 86' lang='lat' dir='ltr'>res</span> <span class='ocrx_word' id='word_1_310' title='bbox 518 3132 808 3174; x_wconf 86' lang='lat' dir='ltr'>familiarium</span> <span class='ocrx_word' id='word_1_311' title='bbox 850 3145 1034 3173; x_wconf 89' lang='lat' dir='ltr'>suorum</span> <span class='ocrx_word' id='word_1_312' title='bbox 1079 3131 1421 3173; x_wconf 88' lang='lat' dir='ltr'>vulneratorum</span> <span class='ocrx_word' id='word_1_313' title='bbox 1467 3131 1760 3173; x_wconf 87' lang='lat' dir='ltr'>abstulissent</span> <span class='ocrx_word' id='word_1_314' title='bbox 1806 3136 1851 3173; x_wconf 88' lang='lat' dir='ltr'>et</span> 
     </span>
    </p>
   </div>
   <div class='ocr_carea' id='block_1_9' title="bbox 1879 2361 2033 2400">
    <p class='ocr_par' dir='ltr' id='par_1_14' title="bbox 1879 2361 2033 2400">
     <span class='ocr_line' id='line_1_41' title="bbox 1879 2361 2033 2400; baseline 0.006 -10"><span class='ocrx_word' id='word_1_315' title='bbox 1879 2371 1927 2398; x_wconf 86' lang='lat'>14.</span> <span class='ocrx_word' id='word_1_316' title='bbox 1951 2361 2033 2400; x_wconf 84' lang='lat' dir='ltr'>Junii</span> 
     </span>
    </p>
   </div>
  </div>
 </body>
</html>
