2209 3643
335 189 384 222 68
1109 185 1184 219 No.
1207 196 1253 230 55
1696 182 1770 237 [16.
1798 187 1886 222 Oct.
1924 198 2025 232 15031

337 332 542 361 cessuum
561 318 850 358 incrementa.
872 314 1140 369 Accepimus
1158 314 1333 356 litteras
1352 315 1603 357 Maiestatis
1621 317 1808 358 Vestrae
1827 317 2026 359 iucundo

336 390 625 442 fraternoque
657 385 821 434 animo,
855 385 1020 439 quibus
1050 385 1144 426 eius
1174 390 1387 435 mentem,
1419 386 1553 428 simul
1584 387 1722 429 etiam
1753 387 2024 429 desiderium

337 460 381 500 in
411 472 545 501 causa
574 455 925 511 recuperationis
955 455 1072 497 illius
1101 460 1247 498 terrae
1276 462 1524 511 occupatae
1553 457 1685 512 plane
1715 457 2022 512 cognovimus.

337 531 443 578 Nos,
480 528 557 583 qui
590 528 810 569 hactenus
844 540 925 581 pro
959 526 1077 567 virili
1123 532 1279 568 nostra
1312 542 1492 570 omnem
1527 528 1786 582 possibilem
1820 529 2023 570 favorem

336 615 387 642 ac
413 600 661 641 fraternam
688 597 959 639 charitatem
985 611 1090 652 erga
1116 597 1402 640 Maiestatem
1428 600 1637 641 Vestram
1664 604 1708 641 et
1735 604 1887 641 totum
1913 599 2024 641 illud
2067 613 2092 639 a

333 684 520 725 regnum
549 669 607 710 ab
635 668 763 710 initio
791 668 837 709 in
865 668 1039 710 cunctis
1065 668 1199 710 rebus
1226 682 1401 724 semper
1428 671 1663 712 ostendere
1691 670 1843 712 conati
1869 683 2025 711 sumus

335 747 378 784 et
412 754 459 782 re
493 740 604 794 ipsa,
640 744 691 780 ut
725 753 808 794 par
841 738 944 788 fuit,
980 739 1274 788 ostendimus,
1310 754 1556 795 sumusque
1589 741 1663 783 vel
1697 740 1906 796 deinceps
1940 741 2025 783 hoc

333 817 489 854 tenore
504 809 739 852 charitatis
754 809 892 859 usuri,
926 810 992 852 ita
1024 810 1069 851 in
1101 810 1327 864 praesenti
1359 825 1508 860 causa,
1541 826 1624 866 pro
1657 811 1878 853 revisione
1909 811 2027 853 illius

333 888 492 930 terrae,
523 895 602 936 per
627 881 911 936 Stephanum
939 881 1195 923 waivodam
1224 886 1429 923 nostrum
1459 882 1814 924 Moldaviensem
1842 887 2024 931 temere,

334 958 385 995 ut
429 957 643 995 causatur
685 957 948 1007 occupatae,
993 966 1173 993 omnem
1216 957 1335 994 certe
1378 967 1561 1008 operam
1603 953 1751 995 medio
1795 958 2027 995 oratorum
2043 965 2085 992 ιο

333 1029 591 1067 nostrorum
624 1022 775 1071 sciat,l
808 1037 888 1065 nos
922 1037 1112 1064 navasse
1145 1028 1190 1065 et
1225 1024 1610 1078 quemadmodum
1657 1024 1776 1066 idem
1821 1024 2028 1066 waivoda

333 1100 485 1138 noster
513 1094 818 1149 superioribus
848 1094 917 1135 his
947 1094 1105 1135 diebus
1132 1108 1212 1148 per
1240 1094 1544 1136 internuntios
1572 1109 1676 1137 suos
1706 1095 1950 1143 obtulerat,
1981 1108 2028 1136 se

334 1165 565 1209 voluntati
601 1170 783 1207 nostrae
820 1165 866 1206 in
902 1165 986 1207 hac
1023 1170 1153 1219 parte
1190 1179 1360 1207 morem
1397 1171 1630 1221 gesturum
1667 1172 1711 1208 et
1749 1171 1892 1208 terras
1929 1166 2028 1207 illas

332 1237 639 1285 remissurum,
669 1241 803 1291 prout
832 1236 972 1278 etiam
1014 1236 1243 1278 Maiestati
1285 1237 1472 1278 Vestrae
1514 1237 1617 1279 freti
1658 1237 1807 1279 verbis
1849 1237 2028 1278 illorum

332 1308 619 1350 meminimus
642 1306 883 1362 scripsisse,
900 1307 1167 1362 putavimus
1194 1307 1396 1349 animum
1422 1308 1656 1349 waivodae
1682 1308 1766 1350 hac
1794 1308 1839 1349 in
1864 1321 1911 1349 re
1937 1322 2027 1349 non
2045 1319 2090 1345 15„

332 1380 684 1422 immutaturum
702 1382 746 1419 et
765 1392 846 1432 pro
865 1377 1172 1420 oblationibus
1189 1378 1280 1419 suis
1297 1379 1427 1420 nobis
1445 1379 1628 1420 omnino
1647 1379 2024 1421 statisfacturum.

331 1451 514 1498 Verum,
555 1463 658 1491 cum
696 1463 778 1503 pro
817 1462 953 1491 causa
991 1448 1122 1491 istius
1158 1449 1432 1492 remissionis
1470 1454 1514 1491 et
1554 1463 1790 1504 progressu
1827 1448 2028 1491 ulteriori

333 1521 524 1563 aliorum
550 1519 835 1575 negotiorum
862 1534 964 1561 cum
991 1520 1246 1562 oratoribus
1272 1520 1523 1562 Maiestatis
1549 1521 1736 1562 Vestrae
1762 1520 1807 1562 in
1833 1521 2027 1562 formam

333 1592 626 1634 articulorum
647 1591 935 1633 redactorum
959 1591 1018 1632 ad
1040 1591 1187 1646 ipsum
1207 1591 1490 1646 Stephanum
1511 1591 1766 1633 waivodam
1788 1591 2027 1646 specialem

333 1668 556 1705 oratorem
571 1667 792 1711 nostrum,
808 1676 1005 1704 unacum
1020 1662 1197 1704 notario
1212 1663 1411 1717 quodam
1436 1676 1531 1712 suo,
1559 1677 1639 1718 pro
1664 1667 1827 1704 mutua
1851 1662 2027 1704 ordina·
2042 1674 2087 1701 w

331 1735 455 1776 tione
479 1733 633 1775 subito
657 1738 759 1788 post
785 1733 962 1775 illorum
987 1733 1231 1775 discessum
1256 1734 1640 1788 expedivissemus
1661 1747 1670 1783 ς
1696 1738 1807 1775 tunc
1830 1733 2026 1788 primum

333 1806 378 1847 in
405 1805 555 1847 reditu
582 1804 783 1846 eiusdem
812 1803 1002 1846 oratoris
1030 1804 1173 1845 nostri
1201 1805 1495 1859 cognovimus
1522 1810 1689 1846 terram
1718 1804 1840 1846 illam
1868 1809 2029 1846 contra

332 1875 500 1931 priores
522 1876 773 1917 oblationes
795 1889 899 1917 suas
920 1875 1176 1917 waivodam
1198 1875 1360 1930 ipsum,
1384 1875 1583 1917 nescitur
1603 1875 1768 1930 quibus
1788 1889 1845 1916 ex
1879 1874 2026 1916 causis

332 1952 484 1989 motus
509 1947 740 1989 remittere
768 1947 977 1989 noluisse.
1009 1946 1063 1987 Id
1083 1946 1206 2000 quod
1227 1960 1365 2001 quam
1386 1946 1576 1988 molesto
1596 1946 1747 1988 animo
1774 1945 2024 1995 tulerimus,

332 2032 413 2059 nos
447 2017 531 2073 ipsi
564 2017 647 2059 soli
679 2032 836 2059 sumus
870 2017 1047 2059 conscii.
1084 2018 1252 2058 Verum
1287 2017 1542 2059 meminisse
1575 2022 1791 2072 poterunt
1826 2021 2026 2058 oratores
2040 2028 2086 2055 25Δ

332 2088 583 2130 Maiestatis
606 2089 808 2137 Vestrae,
835 2093 971 2143 prout
995 2087 1134 2130 etiam
1158 2088 1303 2130 eidem
1327 2088 1384 2130 ab
1407 2088 1578 2130 eisdem
1600 2088 1794 2130 relatum
1818 2101 1911 2129 esse
1934 2101 2025 2129 non

333 2159 610 2208 dubitamus,
644 2160 702 2201 ad
731 2173 875 2201 unum
906 2158 1199 2201 articulorum
1231 2158 1277 2200 id
1306 2173 1388 2214 pro
1419 2159 1575 2200 futura
1604 2158 1885 2201 occurrentia
1914 2163 2025 2200 tunc

333 2230 543 2272 additum
568 2244 676 2279 esse,
704 2244 794 2285 quo
819 2230 857 2271 si
881 2229 1089 2272 waivoda
1115 2229 1209 2284 ipse
1233 2229 1438 2284 nequiret
1465 2244 1544 2284 per
1569 2234 1794 2272 oratorem
1818 2233 2025 2271 nostrum

334 2302 391 2343 ad
406 2301 742 2343 restitutionem
758 2306 904 2343 terrae
920 2305 1168 2356 occupatae
1184 2300 1350 2350 induci,
1368 2301 1529 2342 saltem
1546 2300 1754 2343 inducere
1770 2304 2022 2348 conaretur,

332 2377 383 2413 ut
408 2386 569 2414 manus
593 2386 697 2414 suas
721 2376 765 2414 et
790 2386 975 2414 suorum
999 2371 1202 2413 omnium
1226 2371 1281 2413 de
1305 2371 1391 2412 illis
1414 2371 1639 2427 exciperet
1663 2371 2023 2426 relinqueretque
2038 2383 2081 2409 301

332 2442 518 2484 liberam
539 2444 623 2485 sub
644 2443 843 2498 quadam
863 2442 1157 2484 neutralitate
1177 2442 1237 2492 id,
1254 2443 1377 2497 quod
1407 2442 1695 2498 posthabitas
1714 2441 2023 2495 utrocitroque

333 2512 642 2563 difficultates,
666 2514 911 2569 spopondit
933 2527 979 2555 se
1001 2513 1169 2555 oratori
1202 2518 1358 2556 nostro
1379 2513 1621 2562 facturum,
1645 2513 1708 2555 sic
1729 2517 1774 2554 et
1797 2527 1849 2554 eo
1871 2512 2020 2561 modo,

332 2588 383 2625 ut
410 2585 748 2639 quamprimum
771 2584 880 2628 novi
903 2588 1104 2626 oratores
1127 2584 1270 2626 nostri
1293 2584 1352 2626 ad
1377 2589 1522 2626 metas
1546 2583 1801 2626 Moldaviae
1826 2583 2021 2638 applica-

331 2659 431 2696 rent
458 2669 481 2696 e
508 2655 698 2710 vestigio
724 2669 828 2697 suas
854 2669 1016 2697 manus
1042 2659 1087 2697 et
1113 2669 1217 2697 suos
1244 2669 1398 2697 omnes
1426 2654 1643 2697 officiales
1668 2659 1783 2696 esset
1811 2654 1866 2695 de
1892 2653 2021 2695 terris

333 2724 416 2766 illis
455 2730 726 2780 excepturus
763 2731 809 2768 et
847 2726 933 2768 sub
970 2725 1265 2768 neutralitate
1302 2726 1552 2768 relicturus.
1595 2725 1715 2780 Quid
1752 2724 1876 2766 aliud
1913 2723 2018 2765 novi
2037 2735 2080 2761 35

334 2799 486 2836 orator
524 2796 596 2837 ille
634 2802 800 2846 noster,
842 2801 1021 2852 praeter
1060 2796 1364 2838 continentias
1403 2800 1447 2837 et
1488 2800 1688 2837 mentem
1728 2794 2021 2836 articulorum

334 2864 434 2906 istic
452 2866 715 2908 constitueri
743 2881 925 2922 prorsus
942 2867 1212 2922 ignoramus.
1233 2867 1470 2909 Caeterum
1486 2880 1578 2908 non
1594 2865 1680 2906 fuit
1697 2865 1838 2906 etiam
1855 2864 2021 2906 mentis

333 2939 526 2984 nostrae,
559 2937 627 2978 uti
658 2937 871 2979 Maiestas
901 2938 1065 2979 Vestra
1093 2937 1264 2986 scribit,
1296 2951 1386 2991 quo
1416 2950 1498 2978 nos
1529 2940 1688 2978 contra
1717 2935 2021 2977 continentias

477 3052 490 3072 1
511 3053 716 3087 NVladislai
736 3054 790 3088 II.
813 3053 982 3100 epistola
1005 3053 1078 3097 (16.
1100 3053 1286 3088 Octobris
1321 3063 1416 3098 1503
1451 3052 1561 3097 data)
1596 3052 1822 3087 oratoribus
1853 3052 1935 3087 suis
1967 3053 2019 3087 ad

332 3108 547 3143 vaivodam
596 3111 821 3146 Moldaviae
858 3112 997 3151 missis,
1035 3112 1239 3157 Stephano
1275 3111 1488 3156 Thelegdy,
1530 3111 1740 3146 Franciseo
1778 3111 1943 3146 Balassa
1979 3114 2020 3146 et
2033 3111 2080 3137 40·

333 3166 515 3207 Emerico
538 3168 699 3212 Czobor‚
725 3170 816 3204 vide
838 3170 1112 3205 Hurmuzaki:
1138 3171 1388 3205 Documente
1411 3170 1510 3208 11s1.
1535 3180 1625 3216 pag.
1651 3180 1711 3214 23.
