2209 3643
195 194 254 225 29.
289 183 392 218 Nov.
430 178 540 233 1507]
967 186 1041 220 No.
1064 188 1112 220 66
1845 188 1892 231 83

1001 373 1068 415 66.

690 495 834 543 Euda,
870 508 936 549 29.
972 497 1227 538 Novembris
1261 481 1386 550 150‘7.

190 597 338 636 Comes
357 597 507 636 Petrus
529 596 833 648 Szentgyorgyi
860 598 1043 636 vaivoda
1074 598 1390 649 Transylvanus
1433 599 1661 637 conventui
1694 599 1894 638 ecclesiae

803 657 855 695 de
880 657 1265 696 Kolozsmonostor.

162 795 178 821 5
337 769 608 811 Mandatum
629 769 914 811 evocatorium
934 774 1011 824 pro
1032 774 1153 825 parte
1173 770 1374 811 dominae
1399 769 1657 811 catherinae
1683 771 1891 813 consortis

193 840 422 882 Laurentii
472 839 624 894 Ujlakzss
668 840 833 881 ratione
876 841 1151 894 quartalitiae
1195 855 1298 882 suae
1341 841 1391 882 de
1434 846 1570 882 castro
1614 842 1892 884 Kukmlb'va‘r

191 916 336 954 contra
376 911 555 966 Bogdcm
592 911 818 952 vaz'vodam
854 912 1118 953 Moldaviae.

336 1031 506 1072 Amicis
522 1030 613 1072 suis
630 1030 920 1080 Reverendis,
939 1031 1184 1072 conventui
1200 1031 1410 1073 ecclesiae
1427 1031 1481 1072 de
1508 1030 1887 1074 Colosmonostra.

194 1104 351 1145 Comes
379 1103 540 1143 Petrus
567 1115 716 1143 comes
744 1101 798 1143 de
823 1101 990 1143 Sancto
1017 1101 1208 1156 Georgio
1234 1106 1278 1143 et
1306 1102 1361 1143 de
1389 1102 1561 1157 Bozyn,
1583 1102 1719 1143 iudex
1741 1103 1891 1145 curiae

140 1199 173 1226 10
190 1173 467 1215 Serenissimi
494 1172 707 1227 principis
734 1172 904 1214 domini
930 1172 1162 1215 wladislai
1189 1172 1273 1214 Dei
1297 1173 1445 1227 gratia
1470 1173 1584 1227 regis
1611 1173 1887 1228 Hungariae‚

192 1243 452 1293 Bohemiae,
477 1248 561 1285 etc.
587 1257 762 1285 necnon
784 1243 992 1285 waivoda
1014 1243 1359 1285 Transsilvanus
1381 1248 1426 1285 et
1448 1243 1698 1285 Siculorum
1722 1258 1886 1287 comes.

192 1315 454 1357 Amicitiam
472 1318 681 1369 paratam
700 1328 803 1356 cum
821 1314 1002 1356 honore.
1024 1314 1202 1356 Dicitur
1217 1314 1347 1356 nobis
1365 1315 1410 1356 in
1428 1328 1618 1370 persona
1636 1314 1890 1358 Generosae

195 1386 404 1428 dominae
447 1385 726 1427 Katherinae
768 1385 986 1427 consortis
1029 1385 1221 1427 Illustris
1261 1385 1432 1427 domini
1474 1385 1600 1427 ducis
1654 1385 1887 1428 Laurentii

192 1456 247 1498 de
285 1456 467 1511 Wylak,
506 1455 622 1497 filiae
659 1455 867 1497 videlicet
907 1456 1133 1510 Magnifici
1167 1456 1359 1498 condam
1395 1456 1619 1511 Johannis
1658 1458 1890 1512 Pongracz

138 1555 175 1580 15
193 1528 248 1570 de
276 1528 503 1582 Dengeleg
530 1527 640 1568 alias
671 1527 895 1569 vaivodae
921 1527 1332 1568 Transsilvanensis
1364 1532 1467 1577 etc.,
1503 1527 1627 1582 quod
1659 1528 1757 1583 ipsa
1790 1528 1890 1570 iura

193 1613 274 1641 sua
307 1598 587 1654 quartalitia‚
608 1611 783 1640 necnon
812 1598 966 1640 dotem
999 1602 1044 1640 et
1078 1612 1146 1640 res
1177 1598 1480 1653 parafernales
1509 1598 1760 1641 Generosae
1785 1613 1888 1641 con-

193 1671 299 1712 dam
340 1669 551 1712 dominae
592 1668 887 1710 Elizabethae
927 1668 1086 1710 matris
1126 1683 1233 1710 suae
1269 1669 1450 1711 relictae
1487 1669 1655 1711 scilicet
1694 1670 1888 1725 praefati

193 1741 386 1783 condam
420 1740 644 1795 Johannis
682 1740 910 1794 Pongracz
947 1739 1031 1781 sibi
1070 1739 1125 1781 de
1169 1740 1327 1781 castris
1363 1740 1705 1795 Kykellewwar,
1747 1741 1793 1782 in
1833 1741 1889 1783 de

194 1812 441 1868 Kykellew,
467 1825 518 1853 ac
538 1811 694 1852 Almas
722 1810 767 1852 in
796 1811 851 1852 de
880 1811 1021 1852 Kolos
1049 1815 1093 1852 et
1122 1810 1358 1852 Thorozko
1387 1811 1632 1853 nominatis
1664 1811 1710 1852 in
1748 1812 1887 1854 Thor-

139 1909 175 1935 20
193 1883 333 1933 densi,
366 1883 476 1924 item
508 1882 686 1938 oppidis
718 1882 845 1923 Buza
875 1882 920 1922 in
952 1881 1007 1923 de
1040 1881 1232 1923 Doboka
1270 1886 1314 1923 et
1346 1882 1528 1937 Aldyod
1565 1883 1804 1937 appellatis
1842 1883 1889 1924 in

193 1953 509 2010 Hunyadiensi
564 1952 857 1995 comitatibus
906 1952 1105 2007 partium
1154 1952 1578 1994 Transsilvanarum
1629 1953 1888 2004 existentia,

192 2039 367 2067 necnon
406 2024 626 2067 universis
671 2023 862 2079 oppidis,
902 2023 1272 2077 possessionibus,
1310 2023 1440 2072 villis,
1485 2022 1680 2078 praediis
1721 2024 1890 2079 portio-

192 2096 416 2150 nibusque
445 2100 489 2136 et
539 2095 710 2136 iuribus
753 2094 1111 2150 possessionariis
1152 2108 1423 2149 quocunque
1460 2094 1642 2136 nomine
1675 2095 1890 2137 vocitatis

194 2182 245 2210 ac
285 2167 475 2209 ubilibet
518 2171 563 2208 et
601 2166 647 2207 in
688 2166 1033 2220 quibuscunque
1072 2165 1366 2207 comitatibus
1405 2165 1650 2207 earundem
1687 2166 1888 2221 partium

143 2263 179 2290 25
194 2238 617 2280 Transsilvanarum
660 2236 972 2278 adiacentibus
1013 2236 1072 2277 ad
1125 2236 1282 2277 eadem
1336 2240 1485 2278 castra
1543 2236 1889 2292 Kykellewwar‚

194 2310 350 2351 Almas
400 2313 445 2351 et
490 2308 741 2356 Thorozko,
770 2321 944 2349 necnon
989 2306 1157 2362 oppida
1201 2307 1327 2349 Buza
1370 2311 1415 2349 et
1460 2307 1642 2362 Aldyod
1693 2308 1749 2350 de
1794 2308 1890 2350 iure

195 2386 239 2422 et
292 2380 350 2422 ab
402 2379 592 2435 antiquo
650 2378 977 2435 spectantibus,
1025 2391 1142 2432 quae
1194 2377 1362 2420 seilicet
1409 2378 1648 2433 praelibati
1694 2379 1890 2421 condam

191 2451 416 2506 Johannis
455 2451 684 2505 Pongracz
723 2449 866 2505 patris
899 2449 968 2490 sui
1013 2448 1327 2504 praefuissent,
1371 2448 1502 2490 iuxta
1539 2449 1663 2504 regni
1703 2463 1888 2491 consue-

194 2522 401 2564 tudinem
430 2521 668 2577 provenire
697 2520 968 2562 debentibus
998 2533 1024 2561 a
1049 2519 1294 2574 Spectabili
1323 2523 1367 2561 et
1397 2519 1637 2574 Magnifico
1667 2520 1888 2575 Bogdano

142 2618 179 2644 30
195 2592 393 2635 vaivoda
410 2592 707 2634 Moldaviensi
727 2606 778 2633 ac
793 2591 904 2645 Josa
922 2590 977 2632 de
993 2590 1099 2632 Som
1117 2589 1282 2632 comite
1299 2589 1603 2632 Themesiensi
1622 2594 1667 2632 et
1685 2591 1887 2646 partium

195 2663 318 2719 regni
347 2663 609 2705 inferiorum
639 2663 877 2718 capitaneo
905 2660 1114 2716 generali,
1146 2661 1301 2716 Moyse
1331 2660 1505 2716 Buzlay
1534 2661 1590 2702 de
1620 2661 1890 2716 Gergellaka

195 2734 440 2776 ianitorum
468 2738 513 2776 et
542 2734 748 2775 Emerico
776 2732 908 2774 Deesi
936 2731 991 2773 de
1019 2731 1308 2772 Themeschel
1336 2731 1641 2786 dapiferorum
1669 2732 1886 2787 regalium

195 2805 421 2860 magistris
465 2818 517 2846 ac
546 2805 725 2858 Joanne
754 2804 987 2858 Tharczay
1028 2802 1082 2844 de
1125 2802 1439 2843 Thothselmes
1484 2802 1594 2844 alias
1635 2802 1885 2845 Siculorum

196 2876 373 2925 comite,
412 2875 536 2930 apud
572 2888 765 2930 quorum
802 2874 969 2915 scilicet
1006 2886 1181 2921 manUS,
1220 2872 1324 2914 inde
1360 2872 1618 2914 huiusmodi
1654 2878 1804 2915 castra
1839 2878 1886 2916 et

142 2959 175 2984 35
196 2946 363 3001 oppida
382 2946 515 2988 simul
530 2960 633 2987 cum
648 2945 782 2987 dictis
796 2943 1041 2986 eorundem
1060 2943 1279 2984 universis
1293 2943 1579 2998 pertinentiis
1597 2944 1886 2995 haberentur,

195 3017 344 3072 ipsum
376 3021 545 3071 utputa
577 3020 777 3058 castrum
810 3014 1151 3070 Kykellewwar,
1178 3013 1301 3068 apud
1333 3013 1443 3055 dicti
1474 3014 1646 3056 domini
1678 3015 1886 3070 Bogdani

195 3087 418 3129 vaivodae
440 3121 447 3129 .
472 3121 512 3129 ..
549 3100 746 3128 unacum
780 3084 1083 3141 praenarratis
1117 3084 1362 3125 eorundem
1396 3089 1648 3126 castrorum
1681 3089 1726 3127 et
1761 3085 1889 3141 oppi—

196 3157 356 3199 dorum
371 3157 656 3213 pertinentiis
671 3156 890 3198 universis
906 3155 1165 3204 existerent,
1198 3155 1411 3197 rehabere
1427 3155 1561 3198 vellet
1583 3170 1592 3206 ;
1610 3155 1705 3198 iure
1720 3156 1887 3198 admit—

1691 3243 1734 3279 6,
