2209 3643
200 245 258 269 10.
279 234 386 280 Sept.
413 228 522 283 1529]
958 233 1032 268 No.
1058 243 1129 279 157
1819 241 1889 277 197

193 365 305 421 quin
333 365 381 407 ob
412 365 456 406 id
483 365 539 406 ad
566 364 699 406 vitam
739 368 776 406 et
803 364 1089 406 christianam
1129 379 1255 406 suam
1293 364 1421 416 fidem
1461 364 1733 413 obiiecerunt,
1774 356 1891 404 M‘m

203 437 311 478 V''‘¹''¹
334 436 480 478 nullas
502 436 612 477 vires
634 435 798 484 habere,
821 449 897 477 nec
919 436 1020 477 huic
1042 450 1166 491 regno
1189 436 1412 478 subvenire
1445 440 1582 491 posse,
1618 448 1693 477 nec
1715 434 1895 489 cogitare

196 507 382 562 quidem,
421 521 519 548 cum
555 507 710 562 quibus
747 507 875 548 talem
929 511 1079 562 pacem
1114 507 1252 559 facere
1288 507 1421 549 coacti
1457 507 1640 558 suimus,
1679 510 1727 547 ut
1762 519 1895 560 usque

196 578 432 619 Michaelis
476 578 633 630 festum
676 570 774 619 IWss
822 578 918 619 V⁷⁷¹⁶
979 578 1090 619 vires
1135 578 1468 633 exploraremus,
1526 591 1714 632 quaeque
1770 576 1893 618 nobis

156 662 180 687 5
195 649 421 697 dixissent,
445 662 542 690 vera
565 663 667 698 esse,
692 649 832 690 visuri
854 649 993 690 simus
1016 649 1116 690 hinc
1139 663 1189 690 ex
1209 648 1394 701 fatribus
1428 649 1588 690 nostris
1608 647 1817 703 quosdam
1839 647 1896 688 ad

195 720 251 761 M
254 714 311 738 “⁷'‘
344 719 453 761 Vr‘m'
475 720 636 762 mittere
668 720 1059 775 designaveramus,
1082 720 1157 775 qui
1190 734 1278 761 rem
1310 733 1478 761 omnem
1499 719 1784 760 declarassent
1816 717 1894 760 sub

194 791 384 833 hostium
408 795 652 832 nostrorum
678 791 794 833 salvo
821 791 1046 840 conductu,
1074 796 1121 832 ut
1145 791 1202 832 ad
1226 791 1389 832 dictum
1414 791 1648 832 terminum
1673 789 1894 831 auxilium

194 876 220 903 a
251 862 307 903 M
310 856 338 880 '⁶'
375 862 451 903 Vm
484 862 828 917 impetraremus,
860 862 936 917 qui
978 862 1069 903 iam
1106 876 1155 903 ex
1185 862 1338 903 itinere
1369 862 1506 903 redire
1536 860 1671 903 coacti
1699 861 1891 912 suerunt,

192 933 298 989 quia
323 933 379 974 M
383 932 524 975 oldavi
550 938 587 975 et
615 933 668 974 W
670 933 812 975 alaclzi
833 947 911 975 nos
943 933 1099 974 iterum
1131 933 1396 981 invaserunt,
1430 932 1531 974 liinc
1551 933 1704 984 fratres
1728 935 1893 973 nostros

136 1016 178 1043 10
194 1005 250 1047 ad
284 1005 341 1046 11
343 999 402 1022 'em
456 1004 494 1046 V
497 1006 566 1022 ''⁰²'‘
602 1005 738 1046 ituros
787 1004 1090 1053 revocavimus,
1140 1018 1244 1045 nam
1280 1004 1519 1045 adversarii
1566 1003 1703 1045 nostri
1743 1002 1893 1055 foedus

193 1075 354 1118 violare
393 1076 667 1125 contendunt,
707 1076 893 1128 fratrum
931 1079 1174 1117 nostrorum
1212 1075 1371 1130 capitis
1410 1073 1615 1129 periculo,
1655 1087 1760 1129 quos
1799 1073 1893 1115 ideo

192 1147 358 1189 mittere
387 1161 476 1188 non
507 1147 744 1202 potuimus,
788 1160 919 1201 quare
949 1147 1005 1187 Μ
1008 1140 1066 1164 '‘⁷'‘
1115 1146 1223 1187 V''‘¹⁷⁷‘
1253 1145 1444 1197 finaliter
1485 1144 1803 1200 supplicamus,
1848 1148 1894 1185 ut

193 1218 318 1260 nobis
345 1218 554 1259 citissime
581 1218 802 1259 auxilium
827 1218 968 1259 mittat
993 1217 1050 1258 ad
1075 1217 1215 1258 decem
1240 1217 1366 1258 milia
1393 1216 1620 1258 hominum
1646 1229 1744 1256 cum
1771 1215 1893 1257 bonis

195 1289 293 1331 belli
319 1289 619 1344 apparatibus.
651 1289 781 1330 Alias
810 1288 1145 1330 Transsilvania
1172 1288 1341 1342 perdita
1367 1291 1427 1329 est
1452 1287 1546 1328 sine
1572 1286 1757 1328 remedio
1775 1299 1792 1333 ,·
1818 1290 1890 1328 etc.

136 1371 179 1398 15
339 1360 506 1401 Datum
533 1359 717 1408 Cibzssnit,
750 1371 818 1411 23.
852 1359 1042 1414 Augusti
1072 1370 1197 1413 1529.

341 1430 556 1472 Nicotaus
580 1430 779 1479 Gerendi,
806 1430 1066 1472 Valentinus
1102 1429 1256 1478 Torok,
1280 1428 1450 1484 Caspar
1475 1428 1683 1477 Horvatli‚
1707 1428 1892 1469 Alexius

200 1501 393 1551 Betlzlen,
439 1501 654 1543 Nicotaus
701 1501 859 1557 Apaji‚
907 1501 1059 1553 Stejan
1103 1501 1159 1542 M
1161 1500 1312 1549 ailath,
1357 1499 1414 1542 M
1416 1499 1549 1541 arkus
1596 1499 1890 1554 Pemfflinger,

194 1573 424 1614 Martinus
446 1572 681 1626 Sydonius.

335 1666 564 1711 (Originale.
611 1665 900 1705 Staatsarchiv,
944 1665 1070 1699 XYien.
1119 1664 1362 1709 Hungarica.
1411 1664 1573 1698 Edidit:
1627 1663 1776 1698 Archiv
1823 1664 1893 1698 des

137 1739 178 1764 20
200 1726 388 1761 Vereines
417 1726 480 1760 fiir
508 1726 855 1770 siebenbiirgische
888 1725 1182 1759 Landeskunde
1213 1724 1291 1758 vol.
1322 1724 1380 1757 28.
1410 1734 1499 1768 pag.
1529 1723 1760 1767 446—448.)

995 1875 1092 1916 157.

673 1985 864 2035 Hcirlau,
895 1998 962 2027 Io.
992 1985 1253 2040 Septembris
1280 1997 1406 2039 1529.

303 2077 454 2115 Petrus
481 2075 611 2130 Rares
639 2076 825 2114 vaivoda
855 2075 1093 2114 Moldaviae
1121 2075 1286 2114 senatui
1314 2074 1502 2113 civitatis
1532 2075 1788 2113 Besztercze.

340 2175 684 2217 Destructionem
715 2174 813 2216 urbi
846 2175 1039 2216 minatur
1071 2178 1108 2215 et
1138 2173 1318 2221 civibus,
1353 2173 1442 2214 nisi
1475 2173 1569 2214 sine
1600 2186 1720 2215 mora
1752 2186 1892 2214 arcem

138 2259 178 2285 25
198 2246 524 2300 Bdlvcinyosvar
549 2246 743 2301 accipiet.

342 2353 504 2394 Petrus
539 2352 776 2402 Waivoda,
815 2352 898 2394 Dei
933 2352 1080 2406 gratia
1116 2350 1325 2392 dominus
1373 2355 1519 2392 terrae
1555 2350 1888 2393 MoldaviensiS.

198 2423 449 2467 Prudentes
478 2428 522 2465 et
552 2424 866 2478 circumspecti
893 2423 1046 2465 fideles
1074 2422 1245 2464 subditi
1274 2421 1404 2462 nobis
1433 2421 1598 2463 dilecti.

343 2495 575 2537 Credimus
599 2508 691 2537 non
716 2508 798 2536 vos
824 2495 964 2536 latere
1002 2498 1201 2535 castrum
1227 2493 1488 2547 Balvanyos
1514 2492 1560 2534 in
1586 2492 1892 2534 subditionem

197 2570 402 2608 nostram
429 2579 455 2607 a
483 2566 625 2620 Regia
651 2566 904 2614 Maiestate,
934 2565 1118 2607 domino
1143 2568 1299 2605 nostro
1326 2563 1688 2612 clementissimo,
1713 2562 1892 2616 Joanne

140 2647 180 2674 30
198 2651 299 2691 rege
324 2637 547 2679 donatum
572 2637 747 2686 abiisse,
775 2642 819 2678 et
845 2641 912 2678 est
940 2636 984 2677 in
1010 2639 1239 2690 potestate
1264 2634 1451 2675 dominii
1475 2633 1632 2683 nostri,
1659 2638 1703 2675 et
1730 2633 1892 2675 deinde

199 2713 474 2762 pugnatores
506 2707 649 2749 nostri
682 2712 904 2749 venerunt
938 2705 1174 2748 obsidendi
1218 2709 1263 2747 et
1296 2704 1530 2760 pugnandi
1563 2717 1699 2745 causa
1731 2708 1776 2745 et
1809 2704 1890 2745 eri-

196 2860 292 2894 oder
304 2859 566 2904 Mergenburg
580 2860 662 2894 und
677 2870 811 2904 wegen
825 2858 1047 2894 Verraterei
1061 2858 1130 2892 der
1144 2856 1274 2891 Zekeli
1300 2857 1360 2891 bis
1381 2857 1469 2891 aufs
1484 2857 1626 2902 Haupt
1640 2855 1887 2901 gescfflagen,

197 2919 279 2953 also
304 2919 395 2953 dass
420 2918 591 2953 Gerendi
614 2918 768 2956 Mimos,
795 2918 972 2953 Teo'reok
992 2916 1128 2951 Balint
1151 2915 1379 2950 schwerlich
1403 2916 1556 2950 darvon
1581 2915 1794 2955 kommen;
1821 2915 1891 2950 der

197 2977 351 3022 Maylat
376 2977 472 3011 aber
497 2977 570 3012 hat
595 2976 679 3012 sich
704 2977 831 3011 under
856 2977 964 3011 einer
990 2976 1174 3010 Brucken
1199 2975 1260 3009 bis
1286 2975 1326 3008 in
1352 2974 1416 3008 die
1442 2974 1576 3008 Nacht
1601 2973 1780 3008 erhalten
1806 2974 1889 3008 und

139 3035 180 3061 35
198 3035 281 3070 also
298 3036 339 3069 in
357 3036 427 3070 der
444 3036 579 3071 Naeht
596 3036 637 3069 in
655 3036 739 3071 sein
755 3036 911 3070 Schloss
930 3035 1075 3079 kegens
1094 3034 1267 3079 Fogaras
1285 3033 1484 3067 kommen.
1505 3032 1619 3066 Nach
1637 3032 1707 3066 der
1723 3032 1888 3067 Merem-

197 3094 434 3139 burgischen
451 3094 639 3129 Schlacht
669 3095 757 3129 sind
790 3094 978 3128 Nicolaus
1009 3092 1190 3132 Gerendi,
1213 3092 1389 3126 Teoreok
1408 3091 1545 3125 Balint
1564 3091 1645 3125 und
1662 3091 1890 3136 Stephanus

198 3152 352 3197 Maylat
373 3152 414 3186 in
435 3153 505 3187 der
526 3153 818 3188 Hermenstadt
840 3151 1259 3186 zusammenkommen
1282 3151 1363 3185 und
1385 3161 1465 3184 von
1487 3161 1630 3184 neuem
1651 3150 1735 3185 sich
1756 3150 1887 3185 berat-

194 3210 364 3255 scfflagt,
387 3222 468 3246 was
490 3211 621 3246 sordet
642 3212 682 3245 in
704 3212 773 3246 der
791 3212 944 3246 Sachen
965 3222 1013 3245 zu
1034 3210 1159 3244 thuen
1180 3210 1246 3244 sei.

1918 588 1966 618 29.
1991 579 2074 619 Sept.
