2209 3643
295 203 368 237 232
1055 190 1131 224 No.
1157 199 1225 231 192
1655 184 1730 239 [15.
1757 189 1865 236 Sept.
1891 199 1983 234 1531

294 323 403 365 item
434 326 478 364 et
508 321 745 376 pocillator
773 333 851 361 seu
880 319 1094 373 pincerna
1122 322 1167 360 et
1196 322 1394 360 structor
1422 330 1604 360 mensae
1633 332 1736 359 curn
1764 319 1988 374 plerisque

293 394 390 434 aliis
408 392 547 447 ipsius
564 390 753 433 Valachi
770 389 1054 431 officialibus.
1076 389 1130 430 In
1146 402 1325 430 summa
1340 389 1451 430 nihil
1468 388 1592 430 aliud
1607 402 1663 430 ex
1679 387 1754 430 illo
1770 389 1988 431 conflictu

293 477 459 511 secum,
478 461 600 516 quod
618 460 795 502 duobus
811 459 1073 501 vulneribus
1089 459 1293 501 saucium
1302 473 1464 514 corpus
1481 458 1735 514 asportavit
1743 459 1985 509 Valachus,

293 533 370 588 qui
409 545 499 574 non
540 530 765 572 immerito
805 530 1022 585 perfidiae
1062 543 1169 572 suae
1209 529 1335 572 dedit
1375 530 1437 571 sic
1477 543 1658 585 poenas.
1702 530 1789 572 Hic
1828 534 1987 572 tantus

293 603 428 644 timor
455 615 558 643 suos
586 601 631 642 in
659 601 876 643 Valachia
904 600 1086 649 invasit,
1116 605 1168 642 ut
1196 600 1330 643 multi
1356 600 1401 642 in
1430 600 1713 655 Hungariam
1741 605 1786 643 et
1815 601 2016 643 Molda-5

292 674 414 715 viam
459 672 662 727 quotidie
705 685 809 713 cum
851 671 982 713 bonis
1025 671 1116 713 suis
1137 671 1419 726 confugiunt.
1466 671 1643 713 Christo
1687 671 1884 713 Domino
1927 671 1985 713 sit

292 745 434 785 honor
463 748 507 784 et
536 742 691 797 gloria,
735 747 779 784 et
821 742 967 784 omnis
1004 742 1254 797 gratiarum
1295 742 1429 791 actio,
1472 742 1550 797 qui
1588 741 1743 784 Sermum
1773 742 1986 784 Poloniae

290 828 439 868 regem
487 813 740 855 diutissime
787 817 946 854 contra
993 813 1135 854 crucis
1181 825 1288 854 suae
1328 813 1480 854 hostes
1529 812 1706 855 vincere
1753 817 1798 855 et
1827 813 1985 855 trium-

291 885 429 940 phare
465 883 697 926 concedat.
734 884 893 925 Amen.

435 978 571 1023 (Copia
603 977 771 1023 simplex
818 977 964 1012 saeculi
1008 977 1124 1018 XIX,
1171 978 1367 1012 erroribus
1399 977 1527 1023 plena.
1575 977 1826 1012 Bibliotheca
1869 977 2036 1017 Osso-10

292 1038 451 1073 liniana.
486 1038 640 1077 Lwow;
675 1037 801 1071 codex
833 1037 901 1072 Nr.
939 1046 1021 1081 172.
1057 1037 1122 1071 fol.
1156 1037 1334 1081 68—69.)

1092 1200 1188 1242 192.

772 1309 977 1359 Krako'w,
1000 1321 1069 1362 15.
1093 1309 1355 1365 Septembris
1375 1321 1501 1363 1531.

288 1399 612 1450 Christophorus
642 1398 944 1450 Szydlowiecki
980 1399 1232 1438 castellanus
1267 1404 1309 1438 et
1345 1399 1591 1451 capitaneus
1618 1399 1903 1439 Cracoviensis
1935 1413 1983 1439 ac

351 1459 465 1509 regni
495 1458 693 1497 Poloniae
721 1459 974 1497 camerarius
999 1459 1266 1509 Sigismundo
1293 1459 1348 1498 ab
1378 1459 1648 1498 Herberstein
1681 1459 1925 1498 consiliario.
1996 1475 2032 1501 15

438 1558 633 1599 Vaivoda
662 1559 718 1599 M
721 1559 914 1600 oldaviae
943 1559 1060 1600 clade
1089 1559 1293 1610 afficitur.
1324 1560 1390 1601 De
1419 1559 1602 1615 captivis
1632 1559 1683 1601 ab
1725 1573 1769 1601 eo
1812 1559 1980 1614 ereptis,

289 1629 444 1684 spoliis
472 1630 683 1685 perceptis
713 1634 749 1671 et
777 1630 925 1685 legatis
954 1630 1158 1672 vaz'vodae
1187 1631 1244 1671 ad
1271 1644 1407 1685 regem
1432 1630 1643 1672 Poloniae
1672 1630 1833 1672 missis.

432 1736 596 1790 Scripsi
639 1737 844 1791 proxime
878 1737 1040 1792 elapsis
1083 1737 1242 1779 diebus
1286 1737 1651 1792 Magnificentiae
1684 1737 1775 1778 Vrae
1807 1737 1862 1778 de
1906 1736 1982 1779 illa

289 1807 404 1848 felici
435 1807 626 1848 victoria
657 1808 713 1850 de
740 1808 948 1850 waivoda
979 1807 1234 1850 Moldaviae
1254 1809 1422 1863 parta}
1449 1822 1587 1863 quam
1618 1812 1733 1863 puto
1763 1807 1895 1849 isthic
1927 1821 1982 1849 ex

288 1878 465 1932 scriptis
496 1878 607 1920 meis
638 1879 899 1921 innotuisse.
928 1880 1092 1921 Postea
1121 1879 1233 1920 nihil
1263 1879 1533 1921 innovatum
1564 1883 1646 1927 est,
1673 1879 1833 1927 solum,
1859 1878 1982 1933 quod
1994 1889 2033 1921 20

288 1949 497 1990 dominus
522 1950 836 2004 campiductor
858 1950 1008 2005 plures
1038 1950 1232 2005 insignes
1256 1950 1463 2005 captivos
1487 1950 1575 1992 huc
1596 1949 1712 1992 Suae
1736 1943 1804 1991 Mti
1842 1949 1979 1998 misit,

289 2033 482 2073 quorum
510 2034 591 2075 ego
615 2035 705 2062 non
733 2035 924 2076 parvum
948 2035 1188 2062 numerum
1213 2035 1294 2076 pro
1318 2035 1420 2063 mea
1443 2025 1574 2076 parte
1598 2021 1644 2062 in
1669 2021 1847 2063 arcibus
1871 2019 1982 2062 meis

287 2091 446 2133 habeo.
464 2092 624 2133 Habeo
644 2097 877 2147 praeterea
896 2092 968 2133 hic
990 2092 1113 2146 apud
1133 2106 1205 2134 me
1226 2106 1381 2141 unum,
1399 2092 1476 2147 qui
1497 2092 1637 2147 ipsius
1656 2091 1889 2133 waivodae
1909 2104 1981 2132 su-

287 2175 480 2216 premus,
491 2168 542 2204 ut
558 2163 639 2217 ipsi
651 2163 822 2211 dicunt,
834 2163 1023 2218 Logofet
1039 2163 1139 2211 fuit,
1149 2164 1234 2204 hoc
1249 2168 1315 2205 est
1325 2163 1629 2212 cancellarius,
1641 2176 1833 2218 quorum
1842 2162 1980 2204 etiam

287 2232 357 2273 hic
380 2234 618 2275 nonnullos
641 2234 902 2276 tabellarius
916 2233 1045 2276 vidit.
1069 2234 1315 2276 Tormenta
1328 2233 1413 2289 ipsi
1426 2234 1546 2275 hosti
1570 2234 1799 2288 adempta,
1815 2233 1980 2275 vexilla
1994 2242 2032 2293 25

287 2303 419 2345 simul
436 2318 486 2346 ac
504 2309 740 2359 tympana,
759 2305 970 2346 dominus
987 2305 1080 2346 dux
1109 2305 1345 2354 exercitus,
1376 2305 1497 2346 filius
1514 2318 1640 2346 meus
1657 2303 1980 2353 charissimus,²

290 2374 411 2415 solus
448 2375 564 2416 Suae
592 2370 659 2416 Mti
689 2376 850 2418 afferre
890 2375 1004 2424 vult,
1036 2376 1114 2430 qui
1140 2389 1231 2417 non
1260 2376 1383 2431 apud
1408 2375 1546 2417 Suam
1574 2374 1682 2417 Mtem
1711 2375 1870 2423 solum,
1900 2374 1979 2417 sed

288 2445 411 2499 apud
435 2459 515 2487 nos
552 2451 596 2487 et
625 2460 779 2488 omnes
804 2446 1022 2495 homines,
1062 2446 1201 2488 etiam
1239 2446 1420 2488 infimae
1457 2445 1729 2488 conditionis
1765 2459 1978 2500 magnam

286 2515 478 2568 gratiam
508 2517 654 2566 inivit,
685 2523 729 2559 et
758 2531 923 2559 nomen
951 2517 1036 2559 sibi
1064 2518 1220 2560 multis
1248 2517 1528 2572 temporibus
1557 2517 1840 2565 duraturum,
1871 2529 1974 2558 con-

286 2585 397 2634 silio,
428 2601 547 2635 cura,
579 2601 727 2642 opera,
758 2588 897 2630 animi
925 2588 993 2630 sui
1021 2588 1400 2644 magnanimitate
1427 2587 1723 2643 comparavit.
1755 2586 1976 2628 Waivoda
1992 2596 2029 2622 30

287 2655 567 2699 Moldavicus
592 2658 651 2700 ad
684 2659 822 2700 Suam
848 2657 951 2700 Mtem
980 2660 1194 2701 nuntium
1231 2658 1478 2713 expedivit,
1518 2672 1660 2700 unum
1695 2661 1799 2712 post
1838 2657 1977 2698 alium

287 2726 345 2767 ad
372 2727 519 2781 ipsum
547 2728 707 2770 ducem
735 2730 970 2772 exercitus.
1001 2730 1204 2772 Tertium
1233 2730 1291 2771 ad
1317 2729 1572 2784 palatinum
1600 2727 1827 2776 Podoliae,
1856 2728 1976 2782 capi-

288 2801 473 2838 taneum
509 2798 918 2848 Camenecensem,3
952 2815 1055 2842 cum
1090 2814 1141 2842 eo
1186 2800 1348 2842 nuntio
1394 2800 1485 2840 iam
1531 2812 1663 2853 porro
1694 2798 1833 2839 Suam
1868 2796 1971 2839 Mtem

288 2866 332 2906 in
360 2868 593 2922 provincia
622 2871 871 2912 Pokucziae
913 2885 1004 2912 non
1045 2885 1139 2912 esse
1167 2870 1524 2925 inquietaturam
1545 2882 1554 2918 ;
1603 2869 1712 2910 item
1751 2881 1833 2922 pro
1861 2869 1974 2910 redi-

430 3043 443 3063 1
478 3044 674 3079 Proelium
706 3057 826 3091 penes
858 3047 1051 3093 Obertyn,
1088 3057 1147 3081 22.
1169 3046 1341 3091 Augusti
1370 3056 1477 3090 1531.
1987 3058 2025 3084 35

430 3101 443 3121 ²
481 3102 605 3136 Recte
637 3115 755 3149 gener
785 3106 961 3140 auctoris
992 3106 1109 3140 huius
1144 3105 1323 3140 litterae:
1359 3105 1533 3149 Joannes
1564 3104 1807 3138 Tamowski.

432 3159 447 3179 ³
475 3161 785 3197 ‘LanckoronskL
