2209 3643
313 225 385 268 238
1070 219 1146 252 No.
1172 228 1242 263 197
1651 214 1725 268 [22.
1747 219 1881 254 Martii
1905 230 2000 264 1534

310 356 452 396 Zkore
483 353 720 395 erdiaas
751 355 795 392 et
826 348 1104 391 territorium
1134 347 1358 396 videlicet,
1390 347 1468 389 ubi
1498 361 1654 389 versus
1686 348 1826 390 Kertz
1855 350 2000 405 vergit

309 440 336 467 a
364 424 503 467 fluvio
531 423 640 464 Alto
669 434 748 476 per
775 420 940 462 vallem
970 419 1151 461 abbatis
1180 418 1425 460 ascendens
1454 432 1500 460 se
1529 418 1734 460 extendit
1764 419 1823 461 ad
1851 420 2000 462 rivum

309 495 480 543 Laieta‚
501 493 578 535 ubi
597 492 697 534 fluit
718 490 776 532 ad
795 494 972 545 petram
992 490 1224 544 obliquam
1255 493 1300 530 et
1324 489 1523 543 possidet
1542 502 1685 544 usque
1704 489 1762 531 ad
1780 494 2000 532 montana

313 565 469 620 [su]am
509 562 839 605 haereditatem
875 560 933 601 ab
969 561 1112 602 altera
1147 564 1276 615 parte
1311 560 1441 601 vallis
1476 560 1648 609 Zkorel,
1686 560 1761 614 qui
1799 572 1825 601 a
1859 561 1999 603 fluvio

307 636 415 677 Alto
438 633 595 688 incipit
620 637 665 674 et
690 632 839 673 influit
864 631 909 672 in
945 631 1143 673 rivulum
1178 630 1402 686 Visiremy
1433 634 1478 672 et
1502 631 1747 685 pertingfit]
1774 645 1917 686 usque
1940 631 2000 673 ad
2035 646 2052 671 5

307 706 429 747 viam
452 704 682 759 publicam
705 702 874 744 ibidem
897 702 1104 744 habitam
1127 705 1251 744 recta
1274 701 1333 742 ad
1356 700 1589 742 meridiem
1612 715 1755 756 usque
1778 702 1837 744 ad
1860 716 1998 757 angu-

306 777 414 825 lum,
444 775 521 830 qui
548 778 739 816 vocatur
766 773 970 828 Angulus
998 772 1278 814 fraxinorum
1305 776 1350 813 et
1378 772 1436 813 ab
1463 771 1567 814 hinc
1594 786 1737 827 usque
1764 772 1823 814 ad
1849 772 1999 815 rivum

303 848 548 895 Saxonum,
582 845 744 887 deinde
775 857 918 899 usque
949 843 1008 886 ad
1039 857 1182 899 aquas
1212 843 1410 898 Zaratay
1441 843 1499 884 ab
1530 842 1634 884 hinc
1665 843 1721 885 de
1753 847 1999 885 curvatura

306 931 449 972 parva
463 916 521 957 ad
535 929 703 971 aquam
716 915 901 957 Tonsuli
921 914 1007 956 rivi
1026 928 1170 970 usque
1189 914 1248 955 ad
1267 918 1459 962 montes,
1480 913 1565 955 hoc
1585 918 1701 955 esset
1722 914 1999 956 territorium

305 987 595 1043 possessionis
629 988 785 1029 Zkore.
823 986 917 1027 Nos
952 985 1089 1040 igitur
1123 999 1227 1027 cum
1261 983 1478 1040 praefatis
1512 984 1801 1026 boieronibus
1834 985 2000 1027 nostris
2016 998 2050 1026 10

308 1058 659 1100 coassessoribus
692 1056 997 1113 praescriptae
1025 1056 1143 1098 sedis
1177 1061 1359 1098 nostrae
1399 1054 1658 1096 iudiciariae
1699 1055 2000 1110 intelligentes

306 1130 375 1171 ius
395 1135 439 1171 et
462 1128 685 1171 iustitiam
706 1128 846 1184 ipsius
867 1127 1131 1182 Ztan[chwl]
1155 1127 1211 1169 de
1231 1127 1375 1169 Zkore
1395 1126 1619 1168 boieronis
1633 1126 1788 1177 nostri,
1806 1127 1999 1169 eundem

307 1201 366 1242 ab
392 1200 678 1255 impetitione
704 1200 824 1255 Opre
866 1199 1042 1241 Kluche
1068 1203 1113 1240 et
1140 1198 1241 1240 filiis
1267 1198 1359 1240 suis
1385 1198 1714 1241 absolvendum
1740 1198 1785 1239 in
1811 1198 1999 1253 pacifico

308 1271 510 1313 dominio
537 1271 737 1313 eiusdem
770 1271 932 1312 tertiae
965 1270 1107 1325 partis
1137 1270 1430 1312 boieronatus
1460 1269 1603 1311 nostri
1634 1273 1858 1323 tanquam
1889 1269 1999 1311 meri

304 1348 349 1384 et
387 1343 545 1384 sinceri
590 1341 697 1384 iuris
734 1341 803 1383 sui
839 1342 976 1384 libere
1013 1345 1058 1383 et
1094 1341 1280 1395 pacifice
1329 1340 1542 1382 duximus
1595 1339 1996 1395 [per]mittendum,
2016 1352 2050 1380 15

307 1418 440 1468 prout
472 1413 781 1468 permittimus
811 1416 856 1454 et
889 1412 1034 1454 eidem
1065 1412 1208 1454 Zkore
1238 1411 1471 1453 Ztanchwl
1513 1411 1704 1465 filiisque
1734 1415 1779 1452 et
1810 1411 1998 1466 posteri-

306 1484 480 1526 tatibus
512 1484 652 1539 ipsius
684 1483 904 1525 universis
936 1482 1182 1538 praemisso
1214 1482 1309 1524 iure
1340 1481 1426 1523 sibi
1457 1481 1747 1524 incumbente
1779 1486 1999 1536 perpetuo

304 1555 628 1610 possidendum
672 1554 972 1596 concedimus.
1020 1554 1258 1596 Praeterea
1300 1553 1472 1594 nobiles
1515 1553 1638 1608 Opra
1681 1552 1911 1608 Bobayrol
1952 1557 1998 1596 et

306 1626 383 1668 filii
419 1627 565 1668 Kozte
603 1626 835 1680 [nostr]am
875 1625 1140 1668 accedentes
1173 1624 1219 1666 in
1251 1623 1555 1680 praesentiam
1588 1628 1751 1678 sponte
1784 1629 1828 1666 et
1862 1624 1999 1666 libere

305 1697 495 1739 confessi
526 1702 633 1739 sunt
666 1696 711 1738 in
744 1697 864 1739 hunc
896 1697 1112 1739 modum:
1148 1695 1378 1751 quomodo
1421 1695 1506 1750 ipsi
1550 1694 1730 1737 alveum
1769 1694 1998 1749 quendam
2014 1707 2051 1734 20

304 1768 504 1823 ipsorum
535 1783 613 1811 seu
645 1772 848 1810 meatum
879 1782 1025 1823 aquae
1056 1767 1253 1809 mediam
1284 1770 1462 1822 partem
1493 1766 1538 1806 in
1570 1765 1796 1808 territorio
1827 1779 1998 1821 posses-

302 1840 439 1882 sionis
467 1840 753 1882 Kirchissora
779 1839 1092 1882 decurrentem
1124 1838 1420 1893 [neces]sitate
1458 1841 1647 1891 urgente
1684 1837 1824 1879 nobili
1856 1838 1999 1879 Zkore

303 1911 536 1953 Ztanchwl
571 1912 777 1966 praefato
812 1911 858 1952 in
893 1914 937 1953 et
971 1924 1053 1965 pro
1088 1923 1205 1964 equo
1239 1923 1330 1951 uno
1365 1908 1575 1950 omnibus
1609 1908 1912 1951 attinentibus
1946 1922 1999 1950 ac

303 1981 540 2024 duodecim
562 1982 829 2024 cubulorum
845 1981 1007 2023 triticis
1026 1981 1151 2035 (tunc
1166 1980 1368 2021 instante
1389 1979 1584 2033 caristia)
1610 1979 1668 2022 ad
1688 1979 1998 2022 molendinum

303 2052 502 2094 eiusdem
549 2067 684 2108 super
730 2052 876 2094 rivulo
923 2053 1067 2094 Zkore
1126 2051 1417 2106 possessionis
1464 2051 1695 2105 appellato
1742 2050 2049 2093 decurrenti25

303 2127 613 2165 constructum
650 2123 841 2165 transire
878 2123 923 2164 in
960 2126 1231 2178 perpetuum
1268 2122 1572 2170 concessisset,
1610 2126 1746 2177 prout
1795 2121 1999 2176 permisit

303 2199 347 2235 et
374 2195 592 2237 concessit
617 2208 770 2236 coram
795 2194 925 2236 nobis
950 2194 995 2235 in
1020 2193 1133 2235 filios
1157 2193 1352 2234 filiorum
1377 2197 1422 2234 et
1446 2193 1660 2235 haeredes
1684 2207 1763 2248 per
1785 2191 1999 2234 haeredes

305 2278 455 2307 coram
498 2266 628 2308 nobis
671 2265 835 2308 harum
877 2269 1137 2307 nostrarum
1179 2264 1333 2318 vigore
1363 2268 1408 2305 et
1438 2263 1699 2306 testimonio
1741 2263 1998 2305 litterarum

304 2336 545 2378 mediante.
574 2336 894 2379 Praesentibus
918 2335 1087 2377 ibidem
1112 2335 1329 2390 praefatis
1353 2334 1642 2377 boieronibus
1665 2334 1831 2376 nostris
1854 2333 1997 2376 nomi-

301 2407 446 2448 natim
486 2406 763 2462 conscriptis.
2012 2415 2049 2442 30

440 2478 493 2519 In
546 2479 756 2533 Fogaras,
816 2477 1044 2519 dominica
1097 2476 1275 2531 Judica.
1336 2477 1468 2518 Anno
1528 2476 1711 2518 Domini
1761 2475 1996 2517 Millesimo

303 2547 661 2602 quingentesimo
690 2549 916 2590 tricesimo
945 2551 1123 2603 quarto.

445 2655 583 2697 Lecta
626 2660 670 2697 et
714 2656 956 2697 extradata
996 2669 1075 2710 per
1116 2669 1188 2697 me
1224 2654 1510 2709 Joh[annem]
1557 2652 1785 2695 notarium
1826 2651 1996 2694 domini

912 2726 1088 2768 comitis
1121 2730 1165 2767 et
1199 2725 1436 2767 vaivodae.

446 2864 658 2909 (Originale
679 2865 719 2899 in
740 2876 991 2911 pergameno,
1009 2865 1183 2900 maxime
1197 2865 1381 2904 lacerato,
1406 2863 1531 2908 sigillo
1552 2862 1743 2908 pendenti
1765 2862 1965 2897 munitum
1983 2873 1992 2904 ;
2012 2875 2047 2902 35

302 2922 494 2966 Orszagos
532 2923 727 2963 Leveltar,
769 2925 987 2970 Budapest.
1027 2923 1387 2968 Marosvasarhelyi
1423 2922 1494 2956 kir.
1536 2921 1647 2956 tabla
1684 2921 1877 2955 leveltara
1915 2922 1992 2956 III.

303 2979 547 3027 iratosztaly,
579 2993 611 3026 3.
642 2982 845 3028 szekreny.
875 2984 949 3017 No.
979 2984 1029 3027 4.)
