2209 3643
165 217 200 251 5.
223 207 325 240 Nov.
352 202 461 256 1538]
928 208 1000 241 No.
1026 218 1098 253 247
1786 218 1857 253 293

163 336 371 386 misisset,
427 336 698 379 castellanus
737 337 890 379 clausa
928 352 1028 380 arce
1066 351 1141 381 eos
1178 338 1346 394 recepit
1385 342 1430 380 et
1469 338 1759 388 exclamavit,
1800 337 1859 380 ad

162 408 377 450 excubias
408 408 688 450 discederent
721 421 747 449 a
779 412 927 450 castro
959 410 1129 452 domini
1158 409 1378 465 Stephani
1408 410 1516 452 novi
1547 409 1781 452 waivodae
1812 423 1858 451 se

161 478 272 520 illud
295 479 334 520 ei
357 482 402 520 et
425 479 594 521 nemini
617 478 747 520 alteri
770 484 1057 522 servaturum
1073 494 1164 522 una
1178 485 1223 522 et
1239 482 1425 522 Petrum
1448 480 1718 531 waivodam,
1734 481 1858 536 quod

162 549 198 591 si
220 564 297 592 rex
316 550 549 604 Johannes
570 549 615 591 vi
638 549 810 605 aliquid
831 554 990 593 contra
1017 556 1216 593 castrum
1251 566 1381 607 agere
1413 551 1565 602 vellet,
1599 552 1710 594 istos
1744 552 1857 594 duos

129 621 394 676 bpraefatos
427 621 575 676 capite
608 621 835 663 soluturos
869 622 1033 664 omnia.

483 724 619 770 (Copia
647 735 807 759 coaeva.
836 726 1126 767 Staatsarchiv,
1157 726 1282 760 Wien.
1314 726 1571 771 Hungarica.)

970 905 1069 946 247.

643 1012 815 1066 [Wien,
847 1025 886 1066 5.
922 1014 1180 1055 Novembris
1211 1015 1368 1067 1538]

364 1102 530 1142 Relatio
560 1116 659 1142 vera
689 1103 740 1141 de
770 1103 1008 1142 actionibus
1038 1105 1269 1143 Turcarum
1300 1104 1341 1142 in
1372 1104 1641 1144 Moldaviam.

105 1235 140 1262 10
302 1216 329 1257 I
331 1216 346 1257 l
372 1220 566 1271 processo
593 1216 640 1257 di
687 1216 891 1271 ''impresa
918 1216 982 1258 dil
1010 1217 1149 1258 Turco
1177 1217 1227 1257 in
1253 1216 1308 1257 M
1311 1216 1482 1257 oldavia
1510 1220 1547 1257 et
1573 1216 1619 1257 di
1645 1217 1853 1259 l'accordo

156 1287 261 1339 fatto
285 1291 350 1328 tra
373 1287 439 1327 luz·
463 1291 500 1328 et
525 1287 556 1328 il
579 1301 621 1327 re
646 1286 880 1336 Giovanm',
896 1288 1051 1329 lzavuto
1066 1288 1121 1328 da
1146 1287 1382 1328 bonissimo
1406 1287 1541 1342 luogo,
1569 1301 1639 1329 ma
1663 1288 1719 1329 da
1742 1288 1854 1329 tenir

157 1362 309 1399 secreto
339 1362 415 1413 per
444 1358 478 1399 il
502 1358 661 1412 grande
691 1362 728 1399 et
755 1359 864 1410 sorsi
893 1358 1055 1413 capital
1083 1358 1268 1413 pericolo
1298 1358 1370 1399 clw
1399 1358 1693 1400 incorreriano
1721 1359 1854 1414 quelli

157 1428 213 1469 da
243 1428 315 1470 cui
345 1442 388 1469 se
417 1430 437 1470 ἑ
457 1428 625 1470 Jzavuto.

302 1547 393 1589 Che
413 1547 443 1588 il
463 1547 609 1588 Turco
630 1546 802 1588 intrato
822 1547 867 1588 in
889 1547 1132 1596 Moldavia,
1155 1547 1428 1589 trovandola
1448 1547 1626 1589 deserta
1646 1547 1691 1589 di
1711 1548 1850 1602 genti,

104 1636 140 1663 15
157 1617 342 1660 animali
368 1622 412 1659 et
438 1618 731 1673 vettovaglie,
759 1617 862 1660 dete
889 1618 1012 1660 fama
1037 1631 1154 1660 esser
1178 1621 1350 1660 venuto
1376 1631 1454 1673 per
1480 1618 1675 1673 castigas
1701 1619 1852 1662 Pietro

156 1689 371 1731 Moldavo
396 1703 472 1744 per
495 1689 534 1730 le
557 1689 746 1744 ingiurie
769 1689 829 1730 da
851 1689 913 1730 lui
936 1693 1148 1731 recevute
1170 1693 1215 1730 et
1239 1692 1406 1731 metter
1428 1689 1474 1730 in
1498 1703 1580 1731 suo
1603 1690 1736 1744 luogo
1760 1703 1852 1732 uno

156 1760 201 1802 di
226 1762 269 1802 la
292 1773 401 1801 vera
424 1760 564 1814 stirpe
589 1760 692 1801 delli
717 1760 924 1809 waivodi,
951 1760 981 1801 il
1005 1760 1087 1802 che
1111 1760 1302 1815 piacque
1327 1760 1366 1802 a'
1393 1760 1552 1802 baroni
1577 1764 1621 1802 et
1647 1760 1850 1803 andorno

155 1846 182 1873 a
210 1831 405 1884 basargli
428 1831 472 1872 13
498 1844 650 1879 mano,
679 1834 724 1872 et
753 1831 843 1872 cosi
862 1845 971 1886 pose
997 1832 1091 1873 loro
1116 1834 1278 1886 questo
1299 1830 1508 1872 waivoda
1533 1845 1701 1881 nuovo,
1730 1832 1850 1887 figlio

154 1902 387 1958 quondam
415 1902 477 1945 dil
498 1902 735 1951 SandrinQ
762 1905 807 1943 et
832 1902 977 1944 dicese
1002 1902 1083 1944 che
1108 1902 1289 1957 questui
1313 1904 1336 1943 6
1360 1905 1484 1944 stato
1508 1903 1638 1944 frate.

101 1991 140 2017 20
301 1973 392 2016 Che
423 1974 576 2016 subito
609 1972 738 2014 detto
770 1972 916 2015 Turco
950 1973 1163 2015 commise
1195 1972 1270 2014 alli
1302 1972 1462 2014 baroni
1494 1973 1576 2014 che
1609 1987 1712 2015 cum
1745 1973 1850 2029 ogni

154 2045 249 2087 loro
272 2046 397 2087 forza
419 2050 464 2087 et
488 2048 618 2100 parte
642 2058 745 2085 cum
769 2044 893 2098 genti
915 2044 1197 2085 Turchesche
1221 2043 1463 2086 andassero
1487 2058 1514 2085 a
1537 2045 1697 2100 pigh'ar
1719 2044 1849 2087 detto

155 2116 307 2158 Pietro
336 2120 381 2157 et
409 2116 453 2158 lo
481 2128 738 2158 menassero
767 2129 794 2157 a
821 2129 880 2163 se,
911 2116 925 2156 i
954 2114 1078 2169 quali
1107 2115 1310 2157 andorno
1351 2119 1396 2156 et
1436 2114 1595 2157 habito
1636 2115 1850 2158 conflictu

154 2187 198 2228 10
230 2200 408 2243 rupero,
445 2186 594 2229 donde
629 2186 678 2227 fu
713 2190 965 2228 constretto
1000 2186 1182 2227 redurse
1215 2186 1261 2227 in
1297 2186 1371 2228 doi
1406 2186 1591 2235 castelli,
1628 2186 1752 2242 quali
1786 2186 1848 2228 lui

154 2257 302 2300 havea
332 2258 379 2299 in
411 2256 739 2300 Transilvania.

99 2344 136 2370 25
299 2329 390 2371 Che
414 2329 445 2370 il
469 2328 688 2371 castellan
713 2328 758 2370 di
783 2327 900 2369 detti
926 2327 1110 2376 castelli,
1137 2331 1270 2382 posto
1295 2327 1340 2369 in
1366 2327 1470 2382 quel
1494 2327 1628 2383 luogo
1653 2329 1763 2370 alias
1789 2328 1848 2371 da

154 2413 251 2441 esso
278 2399 443 2449 Pietro‚
471 2414 550 2455 per
575 2398 841 2454 ingratiarse
867 2398 935 2440 col
960 2398 1169 2440 waivoda
1194 2412 1347 2440 nuovo
1372 2398 1467 2440 fece
1492 2399 1667 2453 prigion
1695 2399 1847 2441 Pietro

153 2484 232 2526 per
256 2471 592 2526 mandarglielo.
634 2471 673 2512 Il
706 2470 787 2512 che
807 2470 954 2511 inteso
991 2484 1037 2511 re
1074 2469 1301 2512 Giovanni
1339 2470 1507 2512 mando
1546 2470 1615 2511 fra
1653 2469 1845 2526 Georgio

152 2555 346 2584 vescovo
385 2543 431 2584 di
470 2541 687 2585 Waradin
726 2554 807 2583 suo
846 2540 1103 2589 thesoriere‚
1135 2541 1271 2583 homo
1311 2540 1356 2581 di
1394 2540 1564 2596 grande
1603 2541 1761 2583 {azzon
1801 2544 1846 2583 et

152 2612 373 2669 principa]
403 2614 475 2655 nel
505 2612 743 2668 maneggio
773 2611 845 2653 del
874 2624 921 2652 re
951 2611 1177 2653 Giovanni
1208 2615 1252 2653 et
1283 2624 1365 2653 suo
1395 2625 1545 2666 regno,
1579 2625 1681 2653 cum
1712 2616 1846 2667 gente

101 2697 138 2723 30
153 2683 324 2725 d'arme
355 2688 399 2725 et
430 2684 577 2726 hebbe
606 2684 723 2726 detti
754 2681 938 2731 castelli,
970 2695 1097 2737 prese
1128 2682 1279 2724 Pietro
1309 2685 1354 2723 et
1384 2682 1562 2724 menolo
1593 2682 1635 2723 al
1665 2696 1711 2724 re
1741 2682 1847 2724 (310-

153 2767 304 2796 vannl.

298 2825 389 2867 Che
416 2825 447 2866 il
474 2826 622 2867 Turco
650 2827 869 2866 assettate
898 2823 938 2864 le
967 2836 1066 2864 cose
1095 2823 1141 2864 in
1169 2823 1400 2865 Moldavia
1428 2823 1625 2879 partitisi
1653 2824 1700 2865 di
1728 2824 1771 2866 13
1799 2828 1844 2866 et

152 2895 269 2937 lasso
295 2895 340 2937 in
367 2896 516 2950 quella
540 2895 774 2951 provincia
799 2898 1003 2935 trecento
1027 2894 1206 2943 Turchi,
1234 2894 1265 2935 11
1290 2894 1413 2949 quali
1438 2894 1574 2949 dopoi
1599 2908 1709 2936 sono
1735 2894 1845 2936 stati

153 2966 332 3021 tagliati
359 2980 386 3008 a
412 2967 535 3021 pezzi
563 2967 622 3008 da
649 2965 785 3021 quelli
812 2964 874 3006 dil
901 2978 1046 3019 paese.

102 3084 137 3110 35
297 3069 520 3114 (Originale.
554 3069 742 3104 Archivio
772 3068 979 3107 Vaticano,
1003 3069 1143 3102 Roma.
1166 3067 1329 3102 Edidit:
1351 3069 1388 3102 N
1392 3068 1752 3103 untiaturberichte
1770 3080 1842 3107 aus

156 3127 431 3163 Deutschland
456 3129 534 3163 vol.
564 3129 686 3172 IHs3.
714 3138 803 3174 pag.
834 3133 935 3175 234.)
