2209 3643
321 212 394 246 304
1079 201 1154 235 No.
1177 203 1250 246 264
1699 198 1773 252 [22.
1795 203 1890 238 Dec.
1916 213 2014 249 1540

320 331 629 374 waivodarum
666 330 986 372 Moldaviensis
1023 334 1067 371 et
1105 330 1492 386 Transalpinensis
1528 332 1771 386 postulatis
1807 331 2015 375 similiter

322 402 554 444 intendere
572 406 616 443 et
634 401 693 442 ad
710 414 784 442 eos
801 400 1006 455 proprios
1024 400 1210 442 nuntios
1226 406 1405 443 nostros
1422 402 1650 444 destinare
1666 403 1877 444 volumus
1898 417 1909 454 ;
1927 408 2012 446 etc.

465 493 713 538 (Conceptus.
731 491 1020 532 Staatsarcfflv,
1040 492 1166 526 VVien.
1179 493 1423 537 Hungarica.
1443 493 1585 528 Edidit
1600 493 1772 539 Szilagyi
1790 505 1797 528 :
1817 494 2014 540 Nadasdy

319 552 399 586 elso
425 551 639 596 kovetsege
665 561 755 597 pag.
784 551 861 595 44.)

1114 647 1213 689 264„
2052 657 2071 683 5

665 744 1081 797 [Wienerneustadt,
1115 757 1184 787 22.
1218 746 1465 788 Decembris
1498 748 1658 800 1540.]

452 834 743 873 Ferdinandus
762 834 793 873 Ι.
815 846 888 872 rex
908 834 1153 885 Hungariae
1168 835 1387 887 Stephano
1406 835 1618 875 vaivodae
1637 836 1887 876 Moldaviae.

458 935 733 990 Responsum
760 935 909 977 datum
948 936 982 989 J
985 937 1121 978 oanni
1160 937 1365 978 Litterato
1393 937 1571 979 nunctio
1599 937 1768 979 domini
1808 938 2014 980 vaivodae

319 1007 374 1048 M
377 1007 650 1048 oldam'ensis.
660 1007 675 1031 1

459 1112 595 1154 Sacra
616 1112 830 1154 Maiestas
853 1112 994 1167 Regia
1010 1113 1336 1162 Romanorum,
1353 1114 1628 1169 Hungariae‚
1645 1114 1890 1156 Bohemiae
1913 1115 2012 1157 Rex
2029 1128 2069 1155 10

317 1197 492 1238 semper
513 1184 760 1238 Augustus,
777 1183 987 1225 dominus
1000 1188 1154 1226 noster
1177 1184 1550 1234 Clementisimus,
1574 1189 1704 1239 grato
1725 1185 2014 1241 gratiosoque

318 1254 469 1295 animo
500 1254 676 1296 audivit
708 1254 1032 1296 salutationem
1063 1255 1202 1310 ipsius
1227 1255 1398 1297 domini
1423 1256 1657 1298 waivodae
1681 1261 1725 1298 et
1747 1257 2013 1299 boieronum

318 1325 764 1380 consiliariorumque
792 1339 975 1367 suorum
1004 1330 1150 1368 terrae
1178 1326 1308 1368 istius
1336 1327 1668 1369 Moldaviensis.

462 1396 651 1438 Mandat
690 1401 733 1438 et
777 1397 877 1438 vult
919 1397 1011 1438 Sua
1047 1397 1261 1439 Maiestas
1298 1398 1447 1452 ipsum
1484 1398 1718 1439 dominum
1754 1398 2011 1440 waivodam

316 1480 512 1522 suosque
533 1467 807 1509 consiliarios
826 1468 1025 1522 gratiosa
1047 1468 1320 1510 salutatione
1359 1468 1539 1510 nomine
1565 1469 1681 1511 Suae
1712 1462 1793 1510 Mtis
1821 1469 2010 1511 salutari
2029 1481 2067 1508 15

318 1552 588 1593 omnemque
603 1539 871 1580 clementem
892 1543 936 1580 et
956 1539 1197 1594 benignam
1212 1540 1406 1594 gratiam
1431 1553 1560 1581 suam
1584 1540 1692 1595 ipsis
1716 1554 1795 1595 per
1819 1545 1865 1582 te
1891 1554 2010 1582 com·

316 1609 532 1651 mendari.

461 1680 551 1722 Ubi
579 1673 646 1722 Mti
683 1680 799 1722 Suae
833 1681 1042 1723 dominus
1068 1681 1277 1723 waivoda
1303 1682 1626 1736 boieronesque
1652 1681 1811 1737 suique
1837 1681 2011 1724 consili-

318 1751 398 1792 arii
420 1751 592 1793 sincera
615 1752 702 1793 fide
725 1752 1031 1794 obedientiam
1055 1757 1098 1794 et
1123 1753 1391 1794 fidelitatem
1407 1752 1680 1794 denuntiant
1697 1758 1740 1794 et
1756 1753 1802 1794 in
1815 1753 2010 1807 gratiam

314 1822 430 1864 Suae
469 1816 550 1864 Mtis
588 1823 827 1878 acceptari,
856 1823 999 1865 instar
1026 1823 1235 1865 divorum
1262 1838 1417 1878 regum
1447 1823 1721 1878 Hungariae,
1751 1824 2009 1879 praedeces·
2025 1836 2064 1862 20

317 1907 468 1935 sorum
499 1894 615 1935 Suae
649 1887 730 1935 Mtis
775 1894 1046 1949 supplicant,
1094 1895 1304 1936 clementi
1337 1895 1626 1949 gratiosoque
1659 1895 1810 1936 animo
1844 1894 2009 1950 accipit

318 1969 361 2006 et
401 1964 602 2019 agnoscit
638 1965 728 2006 Sua
763 1965 945 2006 Sacrama
983 1965 1195 2007 Maiestas
1220 1966 1460 2021 ipsumque
1487 1965 1722 2007 dominum
1754 1965 2009 2007 waivodam

318 2050 421 2077 curn
453 2036 544 2077 suis
574 2035 862 2077 boieronibus
893 2042 937 2077 et
969 2041 1070 2078 tota
1101 2042 1221 2078 terra
1252 2037 1548 2078 Moldaviensi
1579 2036 1624 2078 in
1655 2050 1784 2078 suam
1815 2037 2009 2091 gratiam

316 2106 557 2161 benignam
577 2107 783 2148 admittit
798 2112 842 2148 et
865 2112 1088 2162 acceptat,
1111 2108 1179 2149 uti
1202 2108 1276 2148 alii
1296 2108 1658 2163 praedecessores
1678 2121 1801 2162 reges
1823 2108 2008 2162 Hunga-

316 2177 421 2227 riae,
463 2182 507 2219 et
553 2178 794 2219 clementer
834 2192 910 2219 eos
946 2179 1063 2220 tueri
1094 2193 1146 2220 ac
1171 2179 1409 2220 defendere
1435 2179 1566 2220 offert
1604 2183 1861 2233 terramque
1885 2178 2008 2219 illam
2025 2190 2064 2216 25

316 2252 464 2289 totam
488 2248 532 2289 in
555 2249 794 2303 pristinam
814 2249 1071 2291 libertatem
1095 2254 1139 2291 et
1163 2249 1427 2291 felicitatem
1449 2249 1688 2291 vendicare
1712 2249 1834 2290 omni
1856 2249 2008 2291 studio

316 2319 526 2374 regioque
549 2320 697 2361 officio
720 2320 921 2361 studebit
945 2325 988 2361 et
1012 2321 1254 2362 contendet
1278 2320 1361 2362 Dei
1383 2335 1486 2362 curn
1507 2320 1675 2362 auxilio
1697 2334 1705 2369 ;
1729 2325 1813 2361 etc.

463 2390 620 2432 Castra
652 2390 807 2432 Cziczo
839 2396 883 2432 et
918 2391 1188 2433 Kikellewar
1219 2392 1264 2432 in
1296 2391 1503 2446 partibus
1524 2391 1648 2445 regni
1679 2390 2008 2432 Transsilvanis

318 2460 560 2502 existentia
583 2475 665 2515 pro
692 2462 845 2517 Killya
869 2466 913 2503 et
939 2463 1101 2504 Nester
1115 2462 1246 2512 Alba,
1262 2476 1341 2517 per
1354 2463 1522 2504 Turcas
1543 2462 1775 2516 occupatis
1790 2461 1913 2510 data,
1930 2460 2008 2502 ubi

317 2531 433 2585 petit
464 2531 673 2573 dominus
702 2533 909 2574 waivoda
938 2533 1130 2582 restitui,
1163 2533 1375 2574 Maiestas
1407 2533 1560 2587 Regia,
1594 2533 1814 2574 Dominus
1844 2533 2009 2573 Noster
2023 2544 2063 2570 30

319 2601 713 2652 Clementissimus‚
743 2603 875 2645 sicuti
903 2604 1128 2645 neminem
1156 2604 1333 2645 fidelem
1360 2618 1441 2645 suo
1469 2604 1563 2645 iure
1589 2603 1767 2658 privare
1794 2602 2006 2652 intendit,

317 2671 381 2712 ita
420 2686 501 2726 pro
540 2677 671 2714 tanta
717 2674 937 2716 fidelitate
976 2689 1027 2716 ac
1080 2675 1336 2716 obedientia
1384 2674 1500 2716 Suae
1539 2667 1605 2715 Mti
1644 2688 1722 2728 per
1773 2673 2007 2714 dominum

317 2742 572 2784 waivodam
603 2758 796 2799 suosque
826 2745 1058 2787 boierones
1089 2746 1371 2800 praestitam,
1403 2745 1448 2786 in
1479 2746 1563 2786 hoc
1592 2744 1785 2799 gratiose
1816 2748 1859 2785 et
1891 2743 2007 2785 iuste

318 2814 559 2867 respondet
592 2819 635 2855 et
668 2815 909 2857 clementer
939 2816 1032 2857 eius
1062 2816 1380 2871 supplicationi
1411 2816 1667 2856 satisfacere
1698 2814 1897 2868 cogitat;
1929 2814 2007 2855 sed

319 2888 499 2924 constat
524 2884 706 2925 domino
730 2886 962 2928 waivodae
987 2891 1031 2928 et
1057 2887 1155 2936 tibi,
1182 2887 1256 2928 illa
1281 2891 1429 2928 castra
1453 2899 1545 2927 esse
1569 2885 1615 2925 in
1639 2885 1847 2925 manibus
1872 2884 2006 2925 servi-
2021 2897 2061 2923 35

318 2956 469 2994 torum
485 2955 715 3007 quondam
731 2956 845 3010 regis
858 2957 1061 3010 Joannis,
1073 2962 1117 2998 et
1135 2971 1275 3011 quum
1291 2957 1336 2997 in
1351 2955 1686 2997 Transsilvania
1701 2955 2007 3010 recuperanda

459 3114 469 3134 ¹
492 3114 758 3150 Credentiales
778 3120 861 3154 eius
882 3128 940 3151 22.
959 3118 1190 3152 Decembris
1213 3128 1308 3162 1540
1329 3118 1446 3154 datas
1465 3116 1557 3150 vide
1576 3116 1825 3150 Hurmuzaki
1845 3127 1851 3149 :
1874 3117 2006 3150 Docu-

318 3174 451 3205 mente
473 3172 550 3205 vol.
577 3173 675 3218 le.
700 3186 789 3220 pag.
816 3186 900 3220 214.
