2209 3643
327 224 398 248 100
1094 207 1169 243 No.
1193 210 1239 253 76
1710 202 1757 257 [1.
1788 207 1877 252 Jan.
1916 219 2013 254 1510

325 348 467 385 strare
482 341 710 382 studeant.
728 338 932 379 Misimus
959 341 1112 378 autem
1138 350 1258 378 nunc
1285 336 1507 391 quosdam
1533 340 1711 378 nostros
1737 337 1930 380 famulos
1956 339 2014 380 ad

325 426 401 455 eas
429 409 772 453 Dominationes
800 409 998 456 Vestras,
1029 421 1221 461 quorum
1250 421 1392 448 unum
1421 407 1479 449 ad
1507 407 1741 449 dominum
1769 408 2013 450 vaivodam

325 482 696 525 Transsilvanum
720 478 1055 533 deputavimus,
1082 478 1313 532 Rogamus
1335 477 1472 532 igitur
1493 482 1538 520 et
1562 478 1607 519 in
1630 492 1821 533 persona
1843 479 2014 522 domini

324 552 467 595 nostri
475 548 1198 606 gratiosissimicommittimusut
1217 549 1361 590 eidem
1380 563 1522 590 unum
1540 563 1707 604 equum
1727 549 1832 591 dare
1850 550 2012 605 velitis,

325 624 432 678 quia
457 635 599 676 equus
625 620 825 662 eiusdem
852 620 971 661 ultra
997 620 1184 661 modum
1211 624 1278 661 est
1305 619 1595 674 defatigatus,
1624 634 1759 674 quem
1785 621 1908 675 apud
1933 635 2014 663 vos
2051 632 2071 658 5

324 694 493 735 mittet.
536 691 669 747 Quod
708 691 744 732 si
784 704 910 732 secus
949 690 1157 739 feceritis,
1199 690 1235 731 si
1275 690 1385 745 quid
1423 691 1530 732 mali
1571 691 1840 746 contingerit
1879 706 2015 747 regno

325 762 599 818 Hungariae‚
632 762 755 816 quod
787 762 910 803 Deus
940 765 1134 810 avertat,
1168 775 1347 802 omnem
1378 761 1558 816 culpam
1589 762 1648 803 ad
1676 775 1758 803 vos
1787 766 2015 817 retorque-

324 848 439 884 mus,
462 833 570 888 quia
587 833 707 875 idem
728 832 846 874 lator
871 832 1126 874 litterarum
1154 832 1366 873 citissime
1395 832 1453 874 ad
1478 846 1560 874 nos
1579 832 1745 874 reverti
1770 833 1909 874 habet
1935 833 2014 882 ita,

322 911 375 947 ut
411 918 493 946 nos
529 904 575 945 in
611 908 732 945 terra
768 903 916 945 adhuc
954 903 1209 944 Moldaviae
1245 903 1478 957 pervenire
1514 903 1670 958 possit.
1710 903 1832 958 Quos
1868 904 2017 945 valere

324 981 550 1032 optamus.
2031 985 2072 1012 10

462 1047 532 1088 Ex
573 1046 807 1094 Szwczwa,
852 1044 962 1086 feria
1005 1050 1170 1099 quarta
1218 1049 1324 1086 ante
1373 1045 1541 1086 festum
1593 1045 1757 1087 Luciae
1817 1045 2014 1100 virginis.

323 1119 456 1160 Anno
485 1117 668 1158 Domini
696 1121 780 1158 etc.
814 1127 937 1170 1509.

453 1187 689 1230 Oswaldus
713 1187 768 1228 de
793 1186 1089 1228 Korlathkew
1115 1191 1158 1227 et
1188 1186 1422 1228 Barnabas
1450 1186 1603 1241 Belay.

464 1285 489 1324 I
491 1284 695 1324 ntitulatio
716 1298 728 1323 .·
746 1283 969 1322 Nobilibus
985 1287 1026 1322 et
1043 1283 1355 1334 circumspectis
1371 1283 1571 1333 magistro
1588 1283 1743 1322 civium
1760 1284 2018 1335 caeterisque

323 1345 486 1385 civibus
512 1344 698 1383 civitatis
725 1342 1016 1382 Bistriciensis.
1045 1343 1202 1381 Amicis
1228 1343 1348 1381 nobis
1375 1342 1553 1394 plurime
1580 1343 1752 1382 dilectis.
2032 1351 2070 1377 15

390 1436 614 1481 (Originale.
631 1435 850 1470 Archivum
867 1434 1083 1469 comitatus
1098 1435 1488 1474 Beszterczenaszod,
1507 1435 1748 1469 Besztercze.
1765 1434 1839 1469 No.
1851 1436 1952 1480 520.)

1139 1588 1206 1628 76.

834 1698 997 1747 Praha,
1039 1711 1078 1739 1.
1119 1698 1337 1751 januarii
1376 1710 1501 1751 1510.

373 1790 629 1829 Wladislaus
647 1802 720 1828 rex
740 1789 984 1839 Hungariae
1003 1788 1190 1840 capitulo
1209 1788 1406 1827 ecclesiae
1424 1788 1619 1827 Albensis
1637 1788 1965 1839 Transylvanae.

468 1888 738 1930 issandatum
774 1886 1050 1929 statutorium
1084 1890 1163 1942 pro
1199 1889 1320 1940 parte
1339 1885 1574 1941 Magnificz'
1609 1886 1804 1940 Joarmis
1831 1888 2021 1929 Podma-
2036 1906 2081 1933 ,τω

328 1960 490 2014 nyczky
512 1960 561 2001 de
579 1959 832 2001 Podrnanin
854 1957 1047 2013 supremi
1069 1956 1433 1998 cubiculariorum
1454 1957 1649 2011 magistri
1670 1957 1719 1999 in
1751 1959 2022 2013 possessione

333 2032 371 2073 A
379 2032 537 2087 lgyo‘gy.

472 2137 665 2178 Donavit
704 2136 743 2177 ei
783 2135 996 2191 oppidum
1040 2134 1213 2188 Aldyod
1250 2133 1298 2175 in
1325 2133 1528 2175 conn'tata
1556 2134 1870 2188 Hunyadz'ensi
1901 2135 2022 2176 lzabz'-

327 2212 415 2249 tam
444 2212 481 2249 et
501 2208 782 2256 existentem»
797 2206 920 2261 quod
939 2205 1181 2248 novissime
1215 2218 1292 2260 per
1312 2209 1505 2246 mortem
1525 2209 1569 2246 et
1591 2205 1820 2247 defectum
1839 2206 2022 2247 seminis

330 2278 473 2320 fidelis
516 2278 659 2320 nostri
688 2277 956 2333 Spectabilis
988 2281 1033 2318 et
1067 2276 1293 2331 Magnifici
1338 2276 1530 2317 condam
1564 2276 1724 2318 Radwl
1761 2276 2022 2332 waywodae
2039 2295 2081 2320 25

333 2350 456 2404 regni
486 2349 628 2391 nostri
658 2348 957 2403 Transalpini,
991 2347 1062 2389 cui
1105 2347 1253 2402 ipsum
1297 2346 1514 2401 oppidum
1558 2347 1740 2402 Aldyod
1778 2347 1835 2389 ob
1875 2352 2021 2390 certas

328 2424 373 2461 et
424 2419 716 2462 rationabiles
767 2433 938 2468 causas,
990 2423 1100 2461 tunc
1150 2418 1353 2460 animum
1390 2422 1597 2459 nostrum
1635 2423 1884 2467 moventes,
1917 2432 2021 2460 cum

327 2489 419 2532 suis
483 2490 784 2546 pertinentiis,
837 2503 1044 2532 successu
1108 2493 1367 2544 temporum
1432 2488 1780 2538 contuleramus,
1846 2489 2021 2544 optimo

328 2565 373 2602 et
411 2561 721 2604 vetustissimo
758 2560 979 2616 praedicti
1016 2559 1140 2616 regni
1160 2559 1303 2602 nostri
1323 2559 1586 2614 Hungariae
1617 2559 1712 2601 iure
1749 2559 1808 2601 ad
1843 2573 2021 2602 sacram

328 2631 528 2674 eiusdem
566 2632 690 2687 regni
728 2631 871 2674 nostri
910 2630 1172 2686 Hungariae
1211 2643 1437 2679 coronam,
1479 2634 1894 2685 consequenterque
1932 2630 2074 2673 col-30*

329 2702 545 2744 lationem
560 2707 765 2744 nostram
781 2702 949 2757 regiam
965 2715 1117 2744 rursus
1133 2701 1400 2744 devolutum
1425 2704 1493 2742 est
1509 2705 1554 2742 et
1571 2700 1963 2743 condescensum›>1
1985 2704 2022 2741 et

331 2773 509 2814 mandat
551 2773 756 2828 capitulo,
800 2776 847 2814 ut
893 2773 1114 2826 Ioannem
1148 2771 1474 2825 Podmanz'czky
1502 2770 1552 2812 in
1579 2770 1893 2826 possessionem
1925 2771 2019 2813 eius

331 2845 503 2884 statuat.

475 2914 647 2955 Datum
680 2914 865 2969 Pragae,
892 2913 937 2955 in
963 2913 1035 2955 die
1060 2912 1418 2956 Circumcisionis
1443 2910 1639 2953 Domini.
1671 2920 1794 2962 1510.

550 3019 806 3065 (Conceptus.
837 3020 1032 3066 Orszagos
1059 3019 1258 3059 Leveltan
1289 3019 1510 3063 Budapest.
1541 3018 1603 3051 Dl.
1636 3019 1789 3064 29614.)
2033 3021 2073 3048 35

475 3183 487 3207 ²
512 3183 685 3218 Litteras
705 3185 980 3219 donationales
1000 3184 1092 3219 vide
1111 3185 1272 3226 ibidem,
1301 3183 1374 3218 sub
1395 3183 1470 3218 No.
1492 3183 1554 3219 Dl.
1578 3184 1714 3225 21981.
