2209 3643
211 205 269 238 19.
292 194 406 228 Febr.
431 187 542 243 1529]
900 192 975 226 No.
1000 202 1198 237 142—143
1834 192 1904 235 185

1009 343 1108 384 142.

731 452 876 501 Buda,
901 465 968 506 19.
997 452 1232 494 Februarii
1255 464 1381 507 1529.

207 545 392 584 Thomas
419 543 637 584 Szalahazi
669 543 892 595 episcopus
924 543 1136 594 Agriensis
1170 544 1439 582 Ferdinando
1473 544 1505 583 Ι.
1530 543 1614 594 regi
1648 543 1904 594 Hungariae.

352 643 526 685 Nuntia
552 656 601 683 ex
630 641 854 684 Valaclzia.
879 641 1112 684 Clisseusis
1137 643 1193 684 ad
1217 657 1259 684 se
1283 642 1397 684 mitti
1420 642 1538 697 petit.

177 766 193 791 5
355 750 498 791 Fama
521 749 679 791 eadem
705 753 789 798 est,
817 763 933 804 quae
959 750 1106 791 fuerat
1144 749 1200 791 de
1226 749 1332 791 cede
1357 748 1581 791 vaivodae
1606 747 1904 802 Transalpini.

209 821 414 863 Andreas
453 820 681 862 Clissensis
735 833 825 861 non
864 834 943 875 per
980 833 1051 861 me
1089 820 1232 870 stetit,
1273 820 1382 875 quin
1421 819 1688 874 iampridem
1731 818 1906 867 abierit,

210 892 343 934 hodie
375 905 456 947 per
488 892 757 934 camerarios
783 891 1060 947 expedietur.
1098 891 1318 946 Quamvis
1350 904 1441 932 non
1475 890 1608 932 video
1641 903 1771 945 posse
1804 903 1907 931 eum

210 968 307 1006 tam
346 963 539 1005 fidenter
577 977 681 1004 cum
720 976 841 1004 novo
880 962 1078 1004 vaivoda
1116 976 1196 1017 per
1235 963 1429 1004 Turcam
1480 961 1672 1003 suffecto
1710 965 1908 1002 tractare

209 1034 443 1089 negotium
472 1027 552 1075 Mtis
579 1034 670 1075 Vrae
699 1034 735 1075 si
774 1033 896 1088 prior
934 1038 1000 1075 est
1041 1033 1262 1083 sublatus,
1304 1033 1407 1075 dedi
1436 1032 1494 1074 ad
1527 1046 1698 1074 novum
1727 1045 1909 1086 quoque

161 1120 195 1146 10
210 1105 457 1148 vaivodam
479 1105 654 1146 litteras
675 1104 1029 1146 credentionales
1050 1098 1132 1145 Mtis
1152 1105 1352 1146 Vestrae.
1389 1104 1542 1145 Habet
1583 1103 1767 1145 brevem
1790 1116 1816 1144 a
1836 1116 1909 1143 me

211 1176 571 1225 instructionem,
612 1190 703 1230 qua
742 1176 867 1217 illum
907 1175 965 1216 ad
1002 1175 1272 1217 fidelitatem
1311 1175 1514 1216 debitam
1553 1174 1819 1216 exhortetur
1857 1187 1908 1214 ac

212 1247 387 1297 deinde,
410 1247 447 1288 si
469 1247 632 1289 viderit
655 1246 883 1288 hominem
906 1259 1000 1287 esse
1021 1260 1310 1301 propensum,
1333 1246 1443 1287 sciet
1465 1245 1669 1287 Andreas
1690 1258 1781 1299 quo
1801 1257 1908 1285 nam

213 1318 404 1360 artificio
430 1323 627 1360 tractare
654 1331 756 1359 cum
783 1331 836 1359 eo
862 1317 1025 1359 debeat
1058 1317 1113 1359 de
1145 1317 1228 1366 his,
1261 1331 1377 1372 quae
1414 1330 1493 1372 per
1519 1315 1622 1358 Mtem
1666 1316 1767 1357 Vsam
1803 1319 1908 1357 sunt

213 1389 504 1431 demandata.

160 1474 197 1500 15
359 1459 530 1509 Budae,
558 1472 624 1514 19.
651 1459 883 1501 Februarii
908 1469 1032 1514 1529.

507 1554 841 1598 (Autographum.
874 1553 1165 1592 Staatsarchiv,
1199 1553 1325 1586 VVien.
1360 1551 1620 1596 Hungarica.)

1014 1705 1111 1747 143.

649 1816 909 1864 Warszawu,
955 1827 1023 1857 20.
1073 1814 1308 1856 Februarii
1351 1825 1478 1868 1529.

324 1904 523 1947 Oratores
550 1911 785 1947 conventus
806 1906 1096 1945 Varsoviensis
1125 1905 1394 1956 Sigismundo
1423 1905 1454 1943 I.
1484 1905 1571 1955 regi
1599 1904 1810 1943 Poloniae.

163 2018 198 2044 20
359 2006 425 2047 De
458 2005 785 2048 incursionibus
823 2004 1114 2046 Valachorum
1148 2003 1196 2044 iu
1225 2003 1473 2044 Polouiam.

361 2100 599 2142 Caeterum
632 2099 781 2155 questi
813 2104 919 2141 sunt
952 2098 1152 2153 graviter
1183 2097 1333 2139 nuntii
1365 2101 1588 2138 terrarum
1622 2096 1835 2138 Podoliae
1867 2100 1912 2137 et

215 2170 485 2213 Haliciensis
512 2171 567 2212 de
596 2170 843 2212 latrociniis
871 2174 915 2212 et
946 2169 1127 2211 furtivis
1155 2168 1500 2216 incursionibus,
1523 2167 1688 2222 quibus
1708 2166 1910 2216 Valachi,

216 2242 488 2284 connivente
526 2241 732 2296 palatino
772 2254 868 2289 suo,
909 2241 981 2282 vel
1021 2239 1174 2295 potius
1213 2238 1494 2280 occasionem
1534 2238 1639 2280 belli
1679 2241 1912 2293 captante,

218 2312 437 2354 infestant
479 2312 696 2354 continuo
737 2316 881 2353 terras
921 2311 1019 2352 illas
1059 2310 1292 2358 finitimas,
1327 2309 1700 2363 arbitranturque
1741 2308 1913 2350 domini

161 2396 198 2422 25
217 2383 456 2425 consiliarii
477 2383 524 2424 id
544 2383 639 2424 fieri
660 2383 715 2424 de
736 2382 962 2424 industria
982 2386 1027 2422 et
1049 2394 1104 2422 ex
1126 2380 1304 2422 occulto
1325 2380 1514 2421 alicuius
1534 2379 1768 2421 instinctu.
1793 2379 1913 2420 Nam

216 2459 261 2496 et
297 2454 396 2495 aliis
430 2454 759 2508 multiplicibus
794 2453 941 2494 modis
975 2451 1276 2493 hostilitatem
1313 2450 1530 2493 adversus
1577 2450 1786 2492 subditos
1833 2444 1914 2490 Mtis

218 2524 386 2579 Regiae
419 2524 634 2572 ostendit,
670 2529 721 2566 ut
755 2524 801 2565 in
835 2523 1010 2578 agendo
1044 2526 1274 2563 conventu
1308 2526 1352 2563 et
1386 2520 1562 2562 iustitia
1595 2519 1911 2568 ministranda,

217 2599 492 2650 censentque
515 2599 756 2650 propterea
779 2594 863 2649 ipsi
888 2593 1059 2635 domini
1083 2592 1337 2641 consiliarii,
1362 2595 1413 2633 ut
1438 2591 1653 2633 Maiestas
1673 2591 1765 2633 Sua
1787 2590 1914 2632 illum

217 2679 297 2721 per
318 2665 504 2708 nuntios
526 2678 631 2707 suos
654 2665 899 2707 admoneat
923 2664 978 2705 de
1001 2663 1070 2704 his
1093 2663 1227 2704 rebus
1250 2662 1364 2704 serio
1386 2665 1432 2703 et
1456 2662 1515 2703 ad
1537 2666 1792 2703 extremum
1816 2674 1914 2716 per-

166 2749 202 2776 30
218 2736 336 2791 quiri
358 2736 416 2778 ab
438 2749 491 2777 eo
513 2736 715 2785 mandet,
740 2750 798 2777 an
821 2748 1000 2777 servare
1022 2734 1132 2775 velit
1155 2738 1293 2788 pacta
1314 2737 1359 2774 et
1383 2732 1564 2774 foedera
1586 2732 1714 2780 inita,
1738 2745 1820 2773 nec
1842 2745 1912 2779 ne,

218 2811 269 2848 ut
292 2806 506 2848 Maiestas
524 2806 615 2848 Sua
635 2806 782 2855 sciret,
806 2819 897 2861 quo
918 2809 1054 2860 pacto
1075 2803 1400 2858 tranquillitati
1421 2803 1708 2844 subditorum
1730 2815 1914 2843 suorum

219 2939 291 2970 aut
316 2936 630 2982 dispositionem,
657 2937 772 2970 vobis
798 2936 887 2970 ideo
912 2944 1098 2980 expresso
1123 2934 1435 2973 committemus,
1463 2936 1510 2967 ut
1535 2943 1606 2967 nos
1630 2943 1700 2978 per
1724 2933 1914 2978 speciales

217 2995 373 3029 litteras
409 3000 565 3030 vestras
603 2997 652 3030 de
682 2996 818 3029 valore
855 2994 1133 3040 qualitateque
1171 2996 1212 3027 et
1249 2992 1335 3026 aliis
1373 2992 1685 3026 circumstantiis
1723 2992 1911 3032 eiusdem,

218 3064 392 3088 unacum
409 3054 517 3088 bona
534 3054 720 3099 opinione
736 3055 881 3088 Vestra
900 3064 1022 3099 quarn
1038 3052 1154 3087 citius
1168 3051 1403 3085 informetis.
1424 3052 1615 3086 Nostram
1632 3051 1673 3084 in
1691 3061 1737 3084 eo
1755 3061 1913 3096 expres-

165 3125 202 3150 35
219 3122 304 3146 sam
323 3113 528 3147 executuri
542 3114 807 3148 voluntatem.
825 3114 978 3147 Datum
994 3111 1200 3156 Inspruck,
1221 3121 1278 3155 15.
1297 3111 1501 3144 Februarii
1534 3120 1644 3155 1529.
1675 3110 1915 3155 (Conceptus

221 3171 399 3216 ibidem.)
