2209 3643
145 195 206 230 13.
240 184 335 220 Dec.
372 178 481 233 1502]
924 183 999 217 No.
1022 192 1069 228 52
1790 184 1837 225 63

146 314 252 357 dam
285 328 336 356 ac
373 313 562 368 Bogdan
600 312 744 354 filium
789 312 989 355 eiusdem
1027 313 1072 355 in
1109 313 1300 369 pacifico
1338 313 1538 355 dominio
1574 313 1839 369 praescripti

147 385 254 428 iuris
286 383 538 439 quartalitii
569 383 717 425 dictae
748 384 940 425 condam
971 384 1180 426 dominae
1210 386 1368 426 Annae
1399 389 1557 426 contra
1586 384 1842 440 praedictos

148 455 373 511 quoslibet
402 454 625 510 legitimos
654 454 934 510 impetitores
962 460 1194 510 protegere
1212 461 1256 498 et
1276 469 1540 497 conservare
1568 455 1720 505 nollet,
1751 469 1841 497 non

149 530 326 569 curaret
371 530 449 568 aut
496 539 586 567 non
617 530 768 580 posset
800 526 1114 580 quovismodo,
1147 532 1314 569 extunc
1345 527 1464 568 idem
1491 527 1724 581 Johannes
1756 528 1842 569 De-

117 597 308 653 osewffy
353 602 511 639 contra
556 596 829 652 praelibatos
875 597 1108 639 dominum
1151 598 1436 653 Stephanum
1481 598 1751 654 wayvodam
1797 602 1841 640 et

150 668 340 723 Bogdan
357 667 502 709 filium
520 667 734 716 eiusdem,
753 668 897 709 solum
916 668 1067 723 vigore
1084 669 1389 723 praesentium
1407 683 1509 710 cum
1527 668 1843 711 aestimatione

149 739 348 781 eiusdem
370 738 477 780 iuris
498 738 749 794 quartalitii
770 739 1113 781 convinceretur
1132 744 1177 781 et
1198 740 1405 782 convinci
1427 740 1608 781 deberet
1630 754 1682 781 eo
1704 740 1839 782 facto.

150 810 204 852 In
254 809 380 852 cuius
430 809 492 851 rei
543 809 806 851 memoriam
858 810 1215 865 firmitatemque
1265 816 1533 866 perpetuam
1584 815 1842 866 praesentes

149 881 324 923 litteras
362 885 539 922 nostras
572 880 869 936 privilegiales
908 881 1148 936 pendentis
1171 886 1216 923 et
1241 881 1492 924 authentici
1530 881 1660 936 sigilli
1698 882 1840 923 nostri

95 964 131 991 10
150 951 398 994 munimine
429 952 666 993 roboratas
697 952 910 994 duximus
943 953 1264 994 concedendas.

291 1023 464 1064 Datum
480 1023 590 1064 feria
604 1023 802 1065 secunda
816 1023 1023 1078 proxima
1040 1028 1146 1065 ante
1161 1024 1327 1065 festum
1343 1025 1582 1066 beatorum
1596 1023 1842 1079 Thyburcii

151 1098 195 1135 et
237 1093 464 1135 Valeriani
505 1098 773 1149 martyrum.
817 1095 950 1136 Anno
996 1094 1180 1136 Domini
1213 1095 1449 1136 Millesimo
1482 1094 1843 1149 quingentesimo

151 1165 361 1207 secundo.

297 1258 530 1303 (Archivum
550 1262 773 1294 conventus
793 1259 842 1293 de
862 1259 1229 1295 Kolozsmonostor.
1252 1259 1521 1295 Protocollum
1548 1259 1749 1294 «Michael»
1776 1259 1843 1295 fol.

100 1321 135 1347 1⁵
155 1319 365 1364 187—190.
388 1318 581 1363 Orszagos
605 1318 800 1359 Leveltar,
828 1319 1046 1364 Budapest.
1072 1319 1135 1353 Dl.
1162 1319 1313 1364 36405.)

965 1471 1034 1512 52.

551 1580 941 1628 Kohzsmonostor,
962 1592 1030 1632 13.
1052 1580 1297 1622 Decembris
1317 1593 1444 1634 1502.

189 1670 433 1711 Conventus
459 1671 655 1710 ecclesiae
680 1670 731 1709 de
758 1671 1131 1710 Kolozsmonostor
1169 1671 1212 1710 in
1239 1671 1407 1723 negotio
1434 1671 1613 1722 Joannis
1638 1672 1808 1725 Banffy.

299 1770 496 1824 Ioannes
540 1769 707 1824 Ba'nffy
747 1770 798 1811 de
838 1770 1028 1811 Losoncz
1067 1771 1383 1825 possessionem
1424 1771 1533 1813 Orbo‘
1574 1771 1847 1813 nominatam

101 1854 138 1881 20
155 1846 232 1898 pro
261 1853 374 1883 2000
400 1841 576 1892 florenis
604 1840 822 1896 Stephano
850 1841 1053 1883 vaivodae
1080 1842 1332 1883 Moldavz'ae
1360 1846 1397 1883 et
1424 1842 1518 1883 eius
1544 1841 1636 1893 filio
1667 1843 1847 1897 Bogdan

156 1912 361 1955 vendidit.

303 2021 564 2063 Conventus
610 2019 873 2061 monasterii
918 2019 1089 2061 Beatae
1133 2018 1301 2061 Mariae
1346 2018 1540 2074 Virginis
1586 2020 1641 2061 de
1688 2020 1848 2061 Kolos—

157 2096 402 2134 monostra.
422 2090 645 2133 Omnibus
663 2089 826 2133 Christi
843 2090 1052 2132 fidelibus
1068 2090 1381 2144 praesentibus
1397 2094 1441 2132 et
1459 2090 1848 2145 futuris‚praesen-

158 2167 226 2205 tes
249 2162 428 2204 visuris.
443 2162 647 2204 Salutem
672 2161 717 2203 in
742 2161 925 2203 domino
946 2161 1194 2203 Salvatore.
1211 2161 1284 2202 Ad
1298 2161 1611 2203 universorum
1635 2161 1849 2203 notitiam

106 2245 142 2271 25
158 2233 465 2289 praesentium
506 2232 616 2275 serie
657 2233 868 2276 volumus
908 2232 1155 2287 pervenire,
1199 2232 1321 2286 quod
1363 2232 1579 2287 Egregius
1615 2232 1850 2286 Johannes

160 2305 331 2361 Banffy
362 2305 417 2346 de
448 2305 647 2346 Losoncz
679 2303 888 2347 oneribus
919 2308 963 2344 et
996 2302 1271 2357 quibuslibet
1302 2302 1641 2358 gravaminibus
1672 2303 1851 2345 univer—

159 2390 311 2418 sorum
353 2375 547 2417 fratrum
589 2380 633 2417 et
677 2374 1111 2429 consanguineorum
1152 2387 1336 2415 suorum
1379 2374 1424 2415 in
1465 2373 1730 2429 subscriptis
1773 2388 1852 2429 per

161 2447 313 2489 omnia
330 2447 376 2488 in
393 2460 438 2488 se
457 2446 715 2502 assumptis,
735 2450 939 2489 nostram
956 2444 1251 2500 personaliter
1267 2444 1451 2486 veniens
1469 2444 1514 2486 in
1531 2444 1849 2500 praesentiam,

161 2523 324 2573 sponte
347 2522 392 2559 et
416 2517 553 2559 libere
577 2518 807 2560 confessus
831 2521 898 2558 est
922 2516 967 2557 in
990 2516 1110 2557 hunc
1134 2515 1321 2557 modum
1343 2528 1350 2556 t
1377 2515 1615 2570 Quomodo
1640 2515 1733 2570 ipse
1756 2530 1850 2557 ma-

108 2599 145 2626 80
162 2593 267 2630 tura
299 2588 622 2630 deliberatione
654 2589 700 2630 in
732 2603 779 2630 se
811 2586 1080 2642 praehabita
1126 2586 1316 2628 totalem
1362 2586 1687 2641 possessionem
1720 2600 1851 2628 suam

163 2660 307 2701 Arbol
328 2664 540 2701 vocatam
556 2659 602 2700 in
624 2660 847 2702 comitatu
869 2658 1040 2700 Zolnok
1062 2656 1262 2698 interiori
1283 2657 1553 2699 existentem
1568 2661 1612 2699 et
1628 2657 1851 2707 habitam,

163 2730 296 2772 simul
321 2744 424 2771 cum
450 2730 624 2772 cunctis
649 2731 850 2773 eiusdem
876 2728 1153 2771 utilitatibus
1177 2732 1222 2769 et
1248 2727 1534 2782 pertinentiis
1559 2727 1851 2782 quibuslibet,

163 2800 294 2843 terris
327 2800 494 2843 scilicet
529 2802 789 2849 arabilibus,
825 2800 957 2842 cultis
991 2804 1035 2841 et
1071 2797 1265 2846 incultis,
1301 2797 1431 2853 agris,
1466 2798 1623 2853 pratis,
1658 2798 1852 2853 pascuis,

164 2871 302 2920 silvis,
353 2871 624 2921 nemoribus,
675 2871 861 2920 rubetis,
914 2869 1159 2918 montibus,
1199 2869 1406 2918 vallibus,
1447 2868 1590 2924 aquis,
1631 2883 1852 2923 aquarum

112 2953 148 2979 35
164 2942 303 2984 etiam
333 2942 607 2992 decursibus,
639 2942 844 2991 foenetis,
876 2940 1070 2996 pisciniS,
1102 2939 1384 2989 molendinis,
1415 2939 1777 2995 piscinarumque
1807 2946 1852 2983 et

164 3013 524 3056 molendinorum
563 3013 685 3062 locis,
717 3012 982 3068 generaliter
1021 3025 1128 3053 vero
1169 3010 1472 3065 quarumlibet
1512 3011 1767 3054 utilitatum
1808 3017 1853 3054 et

338 3155 501 3190 1Recte:
536 3154 645 3189 Orbo
669 3171 717 3184 =
753 3153 977 3188 Felsc'iorbo.
