2209 3643
334 208 406 241 292
1092 199 1166 232 NO.
1190 201 1263 243 246
1797 195 1898 249 [Oct.
1924 202 2021 246 1538

335 329 426 370 suis
450 332 560 376 erat,
586 327 818 382 provisum
843 331 998 368 tamen
1023 327 1145 368 omni
1170 327 1325 369 ordine
1349 333 1393 370 et
1418 329 1706 378 victualibus,
1733 330 1891 371 eadem
1914 345 2021 373 vero

335 399 458 447 hora,
484 412 574 452 qua
596 402 783 438 venerat
806 402 1022 439 vocatum
1047 412 1073 438 a
1094 411 1196 452 rege
1218 403 1263 439 et
1287 399 1510 448 auditum,
1535 400 1844 442 subvenerunt
1867 401 2023 456 itaque

334 482 467 517 nova,
495 468 617 522 quod
642 467 873 510 Moldavia
895 481 974 522 per
997 468 1192 510 Turcam
1212 469 1302 511 iam
1328 470 1387 512 sit
1413 475 1636 525 occupata
1660 475 1705 512 et
1730 471 1775 512 in
1800 485 1852 512 ea
1875 485 2021 514 novus

334 539 541 581 waivoda
575 538 634 579 sit
670 538 961 588 constitutus,
998 544 1043 581 et
1078 539 1144 580 ita
1179 539 1362 582 demum
1397 541 1544 583 Turca
1578 555 1656 596 per
1691 541 1894 591 eandem,
1932 557 2023 597 qua

334 613 534 657 venerat,
565 608 687 650 viam
717 622 934 651 reversus.
2062 631 2080 656 5

479 679 684 734 Optabat
707 693 785 721 rex
805 680 1051 734 Johannes‚
1076 685 1128 722 ut
1151 680 1197 722 in
1220 695 1272 723 eo
1304 682 1415 731 loco,
1451 682 1530 723 ubi
1564 683 1786 725 exercitus
1820 677 1901 725 Mtis
1935 685 2024 726 Vrae

334 755 444 799 erat,
486 749 711 804 aliquibus
749 751 905 805 paucis
944 751 1102 792 diebus
1141 757 1422 802 cunctarent,
1462 757 1514 794 ut
1553 753 1637 795 sub
1676 753 1722 794 id
1759 758 1941 810 tempus
1979 759 2024 797 et

335 820 551 862 victualia
588 821 646 862 ad
683 821 880 863 reditum
918 827 1124 864 nostrum
1162 823 1326 877 parari,
1370 828 1414 865 et
1453 824 1644 866 certiora
1680 837 1801 866 nova
1837 825 2025 880 intelligi

334 896 531 947 possent,
565 892 937 947 quandoquidem
970 893 1163 934 timebat
1195 894 1267 935 ille
1303 908 1383 936 rex
1413 908 1470 936 ne
1499 895 1647 937 Turca
1677 895 1829 950 aliquo
1860 900 2025 938 strata-

333 967 510 1017 gemate
550 976 629 1004 seu
668 963 773 1005 dolo
811 964 1111 1005 reversionem
1151 978 1280 1006 suam
1320 965 1366 1006 in
1405 966 1766 1008 Transilvaniam
1806 972 2023 1022 vergeret.
2041 983 2078 1010 10

331 1034 520 1075 Secutus
559 1034 715 1088 itaque
753 1034 963 1076 dominus
1001 1035 1155 1091 Lasky
1190 1036 1477 1078 voluntatem
1517 1042 1562 1078 et
1600 1037 1871 1079 mandatum
1910 1038 2026 1079 illius

332 1104 446 1158 regis
468 1118 559 1145 non
583 1104 677 1146 sine
699 1105 902 1147 maximo
924 1119 1005 1147 suo
1028 1110 1072 1148 et
1097 1107 1299 1148 omnium
1322 1106 1520 1148 militum
1544 1107 1709 1156 dolore,
1734 1109 1812 1163 qui
1835 1109 1957 1150 facto
1981 1113 2025 1150 et

334 1188 514 1217 emenso
555 1179 688 1217 tanto
729 1175 943 1218 itinerum
984 1181 1136 1218 tractu
1177 1177 1478 1227 desiderabat,
1521 1192 1603 1233 pro
1644 1178 1732 1219 fide
1772 1184 1817 1220 et
1858 1179 2027 1221 honore

332 1246 562 1300 gloriaque
604 1240 685 1287 Mtis
728 1247 816 1287 ΨΘ
859 1261 911 1289 ac
954 1261 1036 1289 sua
1078 1248 1199 1291 bona
1229 1249 1367 1297 fama,
1400 1262 1503 1290 cum
1534 1249 1664 1290 hoste
1696 1248 1922 1300 dimicare,
1954 1250 2028 1292 vel

334 1317 391 1358 ad
423 1317 573 1358 minus
616 1318 956 1360 Transilvaniae
988 1319 1238 1368 hibernare,
1273 1319 1352 1361 ubi
1383 1323 1428 1361 et
1460 1320 1608 1361 Turca
1639 1333 1815 1375 semper
1846 1320 2024 1363 incitari
2041 1337 2079 1364 15

334 1388 483 1442 potuit
506 1388 564 1429 ad
585 1388 770 1430 dissidia
791 1403 893 1430 cum
914 1403 1015 1444 rege
1033 1391 1244 1444 Johanne
1264 1390 1534 1439 inchoanda,
1557 1395 1602 1432 et
1623 1391 1846 1433 exercitus
1866 1392 2025 1434 firmis-

333 1459 455 1499 simis
474 1459 690 1500 clausuris
709 1464 753 1500 et
772 1460 996 1502 stricturis
1014 1473 1166 1503 secure
1185 1466 1229 1503 et
1248 1461 1293 1503 in
1313 1461 1436 1503 omni
1454 1461 1722 1503 victualium
1741 1462 2026 1505 abundantia

332 1544 410 1584 per
438 1530 631 1571 hiemem
660 1530 886 1573 immorari
917 1536 1144 1586 potuerat.

479 1601 667 1642 Interim
696 1602 856 1643 Petrus
883 1603 1105 1652 waivoda,
1135 1603 1303 1645 eiectus
1331 1608 1375 1645 et
1403 1603 1634 1658 profugus,
1664 1604 2025 1646 Transilvaniam

333 1672 473 1721 venit,
509 1686 644 1727 quem
680 1673 939 1716 Bernardus
959 1675 1189 1716 Thomasii
1222 1674 1419 1730 hospitio
1457 1679 1700 1729 exceptum
1735 1675 1793 1717 ad
1826 1680 2026 1718 castrum
2042 1692 2080 1718 20

333 1756 479 1792 suum,
508 1743 592 1785 hoc
618 1749 685 1786 est
712 1745 926 1795 Moldavi‚
955 1746 1079 1801 quod
1104 1746 1149 1787 in
1174 1745 1489 1787 Transilvania
1514 1745 1692 1795 habet,1
1718 1746 1922 1796 deduxit,
1950 1747 2028 1788 ubi

334 1814 604 1856 castellanus
632 1815 704 1856 ille
732 1816 909 1858 exulem
937 1817 998 1858 sic
1028 1817 1262 1858 dominum
1291 1830 1424 1858 suum
1453 1817 1602 1872 capite
1640 1817 1867 1871 plexisset,
1903 1818 2029 1859 avul-

333 1898 524 1939 sumque
545 1890 683 1941 caput
705 1901 826 1929 novo
846 1888 1079 1930 waivodae
1101 1887 1309 1937 misisset,
1331 1887 1417 1929 nisi
1438 1901 1517 1929 rex
1531 1901 1664 1928 suum
1678 1888 2032 1930 thesaurarium2

333 1970 435 1998 cum
467 1957 700 2010 equitatus
720 1962 764 1999 et
785 1959 1019 2013 peditatus
1039 1963 1169 2014 parte
1192 1959 1250 2000 ad
1280 1958 1453 2000 dictum
1481 1963 1680 2000 castrum
1711 1959 2029 2014 expedivisset,

333 2027 410 2068 ubi
440 2028 715 2070 tractatibus
745 2029 849 2083 egit,
882 2031 948 2071 uti
981 2031 1166 2071 Petrum
1196 2029 1451 2071 waivodam
1482 2029 1670 2071 liberare
1699 2034 1744 2072 et
1775 2034 1924 2072 castra
1953 2031 2031 2072 illa
2043 2046 2083 2073 25

333 2099 424 2140 duo
454 2099 624 2154 Czyczo
653 2104 697 2141 et
730 2100 992 2156 Kykell[ew]
1032 2100 1090 2142 ad
1118 2100 1235 2155 regis
1260 2101 1483 2154 Johannis
1512 2105 1790 2155 potestatem
1819 2101 2031 2143 reducere

333 2169 570 2224 potuisset.

482 2240 704 2283 Dominus
724 2242 910 2284 tandem
927 2243 1078 2297 Lasky
1092 2256 1170 2297 per
1185 2242 1444 2296 Johannem
1465 2241 1523 2283 ad
1542 2242 1789 2284 exercitum
1805 2242 2030 2293 remissus,

335 2315 385 2352 ut
415 2309 477 2351 ibi
506 2312 743 2353 nunctium
773 2327 905 2354 suum
935 2317 1233 2368 exspectaret,
1264 2313 1342 2367 qui
1370 2312 1454 2354 sibi
1483 2317 1698 2368 exponat,
1729 2313 1840 2368 quid
1868 2312 2031 2354 deinde

335 2393 448 2436 opus
479 2382 601 2424 facto
632 2388 760 2425 esset.
2045 2399 2082 2426 πο

479 2452 573 2494 Sub
597 2453 644 2494 id
668 2458 850 2509 tempus
875 2455 1061 2496 advenit
1086 2454 1300 2495 nunctius
1325 2455 1432 2495 novi
1457 2454 1703 2503 waivodae,
1731 2454 1858 2496 cuius
1881 2454 2030 2496 medio

336 2535 592 2564 successum
617 2538 749 2567 suum
774 2526 866 2580 regi
887 2526 1088 2580 Johanni
1113 2525 1322 2567 nunctiat
1348 2529 1392 2566 et
1418 2525 1542 2580 quod
1564 2525 1711 2566 Turca
1736 2525 2031 2566 commisisset

339 2594 415 2643 illi,
443 2594 511 2634 uti
536 2596 627 2649 regi
650 2596 852 2650 Johanni
877 2597 1046 2638 serviat
1073 2600 1117 2637 et
1144 2600 1292 2638 castra
1318 2596 1362 2637 in
1387 2596 1702 2638 Transilvania
1737 2596 1952 2650 requirat,
1980 2609 2032 2637 ac

340 2664 525 2706 Petrum
552 2667 808 2708 waivodam
835 2673 1134 2722 persequatur
1161 2681 1304 2721 usque
1332 2666 1390 2708 ad
1417 2668 1626 2708 ultimam
1654 2667 1946 2708 interniciem.

483 2735 543 2776 Et
562 2736 668 2791 quia
685 2738 1008 2779 Thesaurarius
1026 2739 1071 2779 in
1089 2738 1366 2780 tractatibus
1383 2737 1468 2778 illis
1486 2737 1609 2792 apud
1627 2741 1825 2778 castrum
1844 2736 2029 2792 Czyczo,
2043 2753 2082 2779 35

339 2817 514 2860 semper
541 2807 770 2861 equitibus
797 2808 971 2850 exitum
999 2813 1043 2850 et
1067 2809 1316 2864 ingressum
1344 2808 1457 2849 arcis
1495 2807 1783 2855 observabat,
1824 2807 2029 2862 contigit,

337 2875 404 2915 uti
426 2890 541 2917 unus
563 2881 607 2918 et
630 2878 744 2919 alter
765 2893 791 2920 a
812 2878 1024 2921 Moldavo
1046 2893 1166 2921 novo
1186 2879 1402 2920 nunctius
1422 2878 1713 2920 nihilominus
1734 2878 1791 2918 sit
1813 2878 1858 2919 in
1881 2891 2029 2919 arcem

337 2944 570 2999 ingressus
620 2948 711 2989 Ubi
759 2963 860 3006 cum
909 2950 1117 2991 dominus
1164 2949 1486 2991 Thesaurarius
1533 2949 1739 2990 dominos
1771 2949 2029 3002 Johannem

339 3015 506 3071 Kallay
525 3022 569 3058 et
585 3018 906 3060 Balthasarum
923 3020 1113 3076 Balassy
1133 3021 1191 3062 ad
1211 3019 1502 3074 complendos
1522 3023 1748 3061 tractatus
1762 3019 1807 3060 in
1828 3024 2028 3061 castrum

479 3165 491 3196 ,¹
524 3167 571 3201 Id
591 3172 651 3203 est
671 3170 812 3204 Csicso.
977 3173 990 3193 2
1011 3173 1190 3206 Fratrem
1224 3173 1448 3218 Georgium.
2042 3185 2082 3212 40
