2209 3643
319 187 363 210 10
1081 173 1156 207 No.
1183 184 1227 207 10
1669 170 1742 225 [20.
1770 176 1880 221 Junii
1911 187 2009 222 1575

312 305 659 360 procederanno.
690 304 749 344 Et
775 302 850 344 noi
877 302 935 343 da
961 306 1122 356 questa
1146 306 1277 356 parte
1302 308 1604 358 promettemo
1624 317 1761 359 supra
1785 305 1829 345 13
1854 309 2010 346 nostra

315 376 402 416 fide
426 374 682 422 christiana,
699 373 766 414 col
790 377 944 413 nostro
968 372 1094 421 colIO,
1112 386 1191 427 per
1205 373 1296 415 fino
1320 374 1407 415 alla
1429 379 1574 416 morte
1598 379 1717 416 stare
1740 379 1784 416 et
1807 389 2009 430 pugnare

315 459 394 500 per
420 446 464 486 la
492 444 787 492 christianita,
819 448 863 484 et
894 456 920 483 3
940 447 1101 496 questo
1130 444 1266 485 modo
1294 445 1368 486 voi
1398 445 1587 486 tacendo
1615 445 1838 487 dall’altre
1860 451 2006 501 parte,

314 529 393 570 per
422 519 540 556 terra
569 518 613 555 et
642 528 721 568 per
749 526 886 562 mare,
908 512 953 554 in
983 513 1119 554 modo
1149 514 1228 555 che
1258 528 1284 555 3
1313 520 1470 570 queste
1498 516 1621 557 volte
1651 530 1733 557 con
1762 516 1924 558 l’aiuto
1953 517 2008 559 de

315 585 401 627 Dio
426 584 737 638 omnipotente
760 584 954 624 havemo
978 584 1226 638 tagliatala
1243 598 1325 626 sua
1349 586 1512 628 destra.
1530 587 1757 641 Adunque
1782 601 1874 628 non
1898 601 2005 642 vog-
2047 608 2069 633 5r

314 656 420 697 liate
464 654 703 696 tardare.lo

459 726 581 766 Data
607 725 652 766 in
677 724 870 766 Suciava
896 724 942 765 in
969 724 1015 765 di
1041 725 1158 766 della
1184 727 1473 769 conversione
1500 727 1544 769 di
1569 727 1711 769 Santo
1738 728 1880 770 Paulo
1908 742 1934 769 3
1961 729 2006 770 di

315 807 367 849 25
395 796 465 837 del
489 809 608 837 mese
634 795 678 836 (11
703 796 919 836 Zennaro.
946 795 1080 837 Anno
1105 796 1289 837 Domini
1315 808 1437 852 1475.

1084 889 1342 945 Stephanus
1365 892 1571 934 Vaivoda
1590 892 1757 947 Segnor
1783 893 1854 935 del
1874 907 2007 949 paese

1345 962 1461 1004 della
1487 963 1729 1005 Moldavia.
2024 1008 2061 1035 10

460 1054 686 1099 (Originale.
703 1054 893 1089 Archivio
908 1055 948 1089 di
969 1056 1097 1095 Stato,
1120 1056 1295 1091 Venezia
1317 1067 1336 1090 e
1357 1057 1518 1091 Milano.
1544 1057 1684 1092 Edidit
1705 1069 1711 1092 ;
1738 1059 1845 1092 Mon.
1870 1060 2005 1104 Hung.

318 1114 423 1149 Hist.
458 1115 561 1149 Acta
587 1117 723 1148 extera
748 1114 826 1148 vol.
856 1114 909 1147 ΙΙ.
936 1125 1030 1160 pag.
1062 1125 1275 1159 301—302.
1301 1118 1341 1150 et
1374 1117 1472 1151 Ioan
1492 1116 1682 1162 Bogdan:
1720 1117 2010 1152 Documentele

316 1173 371 1208 lui
392 1173 527 1223 Stefan
556 1173 613 1207 cel
633 1173 742 1207 Mare
762 1173 839 1207 vol.
864 1173 917 1207 II.
940 1185 1029 1219 pag.
1054 1174 1157 1218 323.)

1129 1326 1198 1367 10.

856 1446 976 1506 Ῐαξιῗ,
1011 1457 1078 1488 20.
1112 1446 1249 1500 sumi
1281 1449 1469 1501 [1475]
2023 1468 2065 1494 15

315 1536 554 1587 Stephanus
578 1536 761 1575 vaivoda
786 1537 1022 1575 Moldaviae
1046 1537 1282 1576 oratoribus
1307 1538 1391 1576 suis
1416 1539 1469 1577 ad
1494 1539 1699 1578 Mathiam
1725 1551 1863 1589 regem
1889 1539 2006 1577 Hun-

973 1609 1112 1647 gariae
1145 1609 1345 1636 exmissis.

462 1695 637 1737 Nuntia
665 1696 786 1737 varia
828 1709 853 1737 a
888 1698 1207 1751 consanguineo
1248 1712 1325 1739 sno
1366 1702 1402 1739 et
1444 1698 1677 1754 Belogrado
1704 1698 1787 1738 lmc
1814 1697 2005 1738 advento.

316 1765 442 1820 Caffa
465 1780 491 1807 a
517 1766 672 1807 Turcis
696 1767 864 1808 obsessa
887 1772 958 1816 est,
983 1769 1059 1823 qm·
1081 1773 1226 1810 contra
1249 1783 1292 1810 se
1314 1783 1411 1810 cum
1439 1769 1643 1810 Valaclzis
1665 1773 1804 1809 castra
1828 1772 2006 1817 movent,

318 1851 447 1891 quare
475 1851 569 1878 cum
599 1838 746 1892 legatis
774 1838 975 1879 Mathiae
1003 1840 1111 1894 regis
1139 1841 1461 1894 properandum
1491 1844 1562 1881 est.
2023 1881 2065 1907 20

462 1944 556 1984 Nos
586 1943 844 1998 Stephanus
876 1945 1086 1993 vaivoda‚
1123 1946 1207 1987 Dei
1239 1946 1384 2001 gratia
1418 1946 1626 1987 dominus
1659 1949 1803 1987 terrae
1838 1944 2008 1985 Molda-

319 2013 431 2055 viae.
454 2013 616 2056 Scribit
638 2015 903 2057 Dominatio
929 2018 1103 2058 nostra1
1124 2017 1332 2058 fidelibus
1351 2017 1515 2058 nostris
1536 2021 1580 2058 et
1601 2015 1869 2058 venerandis
1901 2015 2009 2056 viris

320 2084 474 2125 comiti
495 2084 710 2127 Stanzulo
734 2090 778 2127 et
805 2086 959 2128 comiti
983 2087 1146 2135 Dume,
1172 2091 1216 2128 et
1241 2087 1396 2129 comiti
1420 2087 1646 2128 111161136112
1660 2101 1738 2141 per
1751 2090 2010 2141 praesentes

321 2155 375 2196 de
403 2155 531 2196 nobis
558 2156 668 2197 scire
696 2157 863 2206 omnia,
893 2171 1009 2212 quae
1052 2172 1172 2200 nunc
1200 2158 1472 2200 acciderunt.
1502 2157 1701 2199 Advenit
1730 2170 1846 2198 unus
1873 2157 2010 2198 homo

322 2239 423 2266 cum
456 2226 618 2268 litteris
651 2241 677 2267 3
710 2228 964 2269 castellanis
998 2229 1052 2270 de
1085 2229 1216 2277 Alba,
1251 2229 1328 2283 qui
1361 2229 1562 2270 scribunt
1598 2228 1655 2270 ad
1689 2241 1770 2269 nos
1804 2227 2008 2276 dicendo,
2024 2258 2067 2285 25

319 2296 441 2350 quod
459 2297 677 2351 applicuit
696 2298 753 2339 ad
762 2298 925 2340 Albam
944 2313 1035 2340 una
1051 2299 1180 2340 navis
1199 2299 1419 2341 Italorum
1429 2299 1483 2340 de
1492 2299 1754 2354 Mangopa‚3
1773 2298 1848 2339 1113
1864 2297 2008 2346 navis,

323 2379 438 2421 quae
466 2372 788 2421 apportaverat
818 2374 1098 2424 compatrem
1125 2375 1331 2412 nostrum
1359 2370 1682 2418 Alexandrum,
1712 2369 1757 2410 in
1786 2382 1877 2423 qua
1902 2368 2011 2409 navi

322 2442 498 2491 praeest
515 2438 748 2493 Philippus
762 2440 931 2489 Nauta,
948 2440 1086 2482 etiam
1106 2441 1354 2496 [venerunt.
1375 2476 1382 2482 .
1403 2441 1425 2495 .]
1449 2440 1587 2482 Morzi
1614 2445 1658 2482 et
1681 2438 1926 2481 Aiamorzi4
1953 2439 2012 2480 ad

322 2521 403 2548 nos
417 2521 558 2562 usque
573 2509 855 2563 adJassium5
873 2516 917 2552 et
933 2511 1053 2553 solus
1066 2511 1254 2553 nuntius
1267 2511 1469 2553 narravit
1484 2511 1614 2553 nobis
1622 2525 1696 2552 ore
1705 2509 1900 2566 proprio,
1910 2523 2012 2550 nar-

322 2578 464 2619 rando
490 2579 619 2622 nobis
641 2580 716 2629 sic,
740 2582 862 2635 quod
889 2582 1028 2623 frater
1054 2582 1206 2624 uxoris
1232 2582 1566 2623 Dominationis
1594 2596 1733 2630 meae,
1756 2580 2012 2622 Alexander
2027 2611 2067 2638 30

322 2648 447 2689 venit
463 2649 520 2690 ad
534 2649 681 2691 locum
701 2652 921 2707 [Mangop]
940 2657 984 2694 et
1001 2652 1072 2694 die
1086 2653 1222 2694 tertia
1238 2653 1438 2694 lucratus
1451 2657 1518 2694 est
1534 2653 1706 2694 dictum
1722 2653 1870 2693 locum
1885 2651 2011 2692 Man-

323 2732 409 2772 gop
430 2719 757 2763 haereditatem
776 2727 1015 2776 paternam
1034 2727 1079 2765 et
1099 2724 1190 2779 [est]
1213 2724 1307 2778 ipse
1325 2737 1528 2778 pronunc
1548 2723 1592 2764 in
1608 2724 1804 2777 Mangop
1826 2737 1834 2771 ;
1855 2726 1900 2764 et
1919 2735 2010 2763 non

324 2793 390 2829 est
407 2789 546 2832 aliter.
564 2791 624 2832 Et
641 2792 696 2833 de
710 2793 866 2834 Turcis
886 2793 951 2835 ita
965 2793 1131 2843 sciatis,
1148 2794 1270 2848 quod
1284 2794 1394 2835 ita...
1413 2793 1638 2843 dixerunt,
1656 2794 1779 2849 quod
1791 2792 1917 2835 venit
1932 2806 2012 2847 per

467 2953 497 2974 1⁰
517 2954 747 2990 Versionem
785 2957 1065 2993 Germanicam
1085 2959 1204 2993 huius
1237 2959 1357 2993 edicti
1388 2958 1480 2993 vide
1512 2959 1678 2994 Neculai
1694 2960 1827 3004 Iorga:
1863 2960 1963 2994 Acte
1978 2960 2011 3009 51
2027 2964 2067 2990 352

326 3011 548 3054 fragmente
572 3014 650 3048 vol.
674 3015 750 3049 III.
777 3017 1014 3067 (Bucuresti,
1041 3018 1166 3063 1897.)
1189 3028 1280 3064 pag.
1302 3028 1465 3060 91—92.

466 3082 479 3102 1
513 3083 559 3116 In
594 3085 785 3130 originali,
820 3089 1032 3123 mendose:
1072 3089 1229 3123 Vestra.
1286 3088 1299 3109 ²
1319 3088 1470 3122 Mihaiu
1505 3087 1695 3133 spatarul.
1757 3089 1771 3110 ³
1795 3089 2009 3123 Mendose:

327 3139 529 3185 Pangopa.
588 3143 856 3180 4Taiamorzi.
913 3147 1127 3193 ⁵Jaspum.
