2209 3643
184 211 218 244 3.
241 200 340 246 Aug.
367 195 477 250 1515]
955 201 1029 235 No.
1053 200 1100 245 84
1808 207 1880 239 109

184 332 275 374 tiae
303 332 361 374 ad
387 336 574 374 octavas
600 331 703 373 festi
730 331 859 373 Beati
885 330 1046 386 Jacobi
1074 330 1267 386 apostoli
1292 343 1412 372 nunc
1438 333 1655 372 venturas
1681 329 1879 384 legitime

184 403 494 458 perdurandas
524 416 605 444 suo
635 402 771 443 modo
801 402 1109 444 rescribendas
1138 401 1530 457 praescriptasque
1559 400 1735 442 litteras
1764 400 1879 442 eius-

185 474 288 516 dem
342 475 435 516 Vrao
488 473 850 529 Magnificentiae
918 472 1270 514 adiudicatorias
1336 471 1553 527 capite
1613 471 1880 526 consignata

185 545 276 587 Vrae
308 544 670 600 Magnificentiae
700 543 745 585 in
776 543 922 599 specie
953 543 1166 585 duximus
1195 542 1506 585 remittendas.

156 626 172 651 5
331 616 505 658 Datum
536 619 668 657 sexto
699 614 770 657 die
802 615 889 657 diei
920 614 1237 668 exequutionis
1268 618 1312 655 et
1344 613 1610 669 repulsionis
1640 616 1881 669 praenota-

186 691 351 729 tarum.
395 687 529 728 Anno
572 685 756 728 Domini
798 685 1035 727 Millesimo
1078 684 1440 740 quingentesimo
1482 684 1657 726 decimo
1699 688 1878 739 quarto.

325 780 674 825 (Transsumptum
700 779 868 824 Joannis
893 779 1103 825 Szapolyai
1134 779 1332 813 vaivodae
1358 779 1673 825 Transylvaniae
1699 780 1748 813 de
1775 788 1882 812 anno

188 850 297 885 1519.
326 840 522 884 Orszagos
549 839 747 879 Lex-eltar,
778 839 997 884 Budapest.
1027 839 1090 872 Dl.
1121 839 1274 877 28028.)

1001 1003 1069 1044 84.

133 1134 169 1160 10
563 1112 910 1166 Gynlafclzdrvcir,
957 1124 997 1164 3.
1048 1113 1237 1167 Augusti
1282 1124 1408 1166 1515.

187 1206 431 1258 Capitulum
463 1204 660 1243 ecelesiae
693 1203 887 1242 Albensis
920 1203 1238 1254 Transylvanae
1259 1203 1402 1242 comiti
1424 1202 1550 1242 Petro
1579 1202 1884 1254 Szentgyorgyi

763 1262 973 1301 vaivodae
998 1261 1289 1313 Transylvani.

330 1363 497 1404 Relatio
524 1363 573 1403 de
600 1376 659 1411 eo,
687 1362 798 1416 quod
824 1375 922 1402 cum
950 1361 1071 1402 iussu
1100 1362 1193 1402 eins
1219 1361 1456 1403 Nicolaum
1484 1361 1663 1402 Bethlem
1689 1362 1809 1403 tertio
1836 1361 1887 1403 in

190 1435 299 1477 bona
324 1448 405 1475 sua
436 1434 611 1475 Vesszds
638 1433 857 1487 imponere
880 1433 1128 1481 voluissent,
1155 1433 1203 1474 in
1227 1432 1302 1473 lzoc
1326 1446 1352 1473 cz
1376 1432 1508 1481 Sava,
1533 1432 1751 1487 provisore
1778 1433 1887 1488 Bog-

135 1524 173 1551 15
189 1506 278 1547 dan
309 1505 513 1547 vaivodae
543 1504 599 1545 M
602 1504 796 1545 oldaviae
828 1503 874 1544 in
906 1502 1195 1553 Kirkiilldvcir,
1227 1503 1363 1545 armis
1393 1503 1576 1558 aggressi
1607 1507 1644 1545 et
1673 1504 1889 1546 vulnerati

190 1577 290 1619 sint.

339 1681 613 1738 [Capitulum
641 1681 851 1723 ecclesiae
877 1681 1085 1722 Albensis
1110 1681 1469 1722 Transsilvanae.
1499 1681 1741 1723 Memoriae
1768 1695 1888 1722 com-

192 1753 460 1795 mendamus
492 1766 570 1807 per
602 1756 859 1807 praesentes
877 1790 959 1794 ---
992 1751 1114 1806 quod
1146 1752 1394 1793 confratres
1426 1751 1679 1807 nostri-n]
1716 1752 1774 1793 ad
1806 1765 1889 1793 nos

191 1824 357 1866 reversi
385 1823 666 1866 concorditer
705 1823 834 1864 nobis
865 1822 1143 1878 [retulerunt,
1185 1823 1308 1877 quod
1347 1823 1442 1877 ipsi]
1463 1860 1546 1864 ---
1599 1823 1682 1878 [ad]
1726 1823 1888 1864 faciem

137 1905 174 1930 20
193 1895 484 1951 possessionis
504 1895 702 1936 Wezews
724 1898 929 1943 vocatae,
960 1894 1005 1934 in
1037 1893 1273 1949 [comitatu
1302 1894 1357 1935 de
1388 1894 1623 1949 Kykellew
1651 1893 1887 1935 existentis

192 1967 390 2018 habitae,
432 1964 491 2007 ad
519 1965 732 2019 castrum]
768 1965 1054 2020 Kykellewar
1090 1969 1407 2019 nuncupatum
1434 1965 1702 2019 pertinentis
1732 1965 1886 2020 [appa-

191 2037 353 2092 rentes]
395 2036 586 2078 eandem
631 2035 959 2091 possessionem
1003 2035 1201 2076 VVezews
1223 2069 1230 2076 .
1255 2069 1262 2076 .
1287 2069 1295 2076 .
1349 2035 1564 2076 antefatis
1608 2035 1795 2076 Nicolao
1843 2039 1888 2077 et

193 2108 345 2150 Blasio
385 2107 603 2163 [Bethlen]
657 2121 708 2148 ac
748 2106 911 2148 deinde
959 2106 1017 2147 ad
1057 2105 1306 2160 legitimam
1351 2105 1891 2162 reambul[ationem]---

193 2179 383 2234 Bogdan
413 2178 637 2220 vaivodae
667 2177 882 2226 convicti,
915 2177 1094 2218 ubivis.
1119 2211 1126 2218 .
1151 2211 1158 2218 .
1203 2181 1249 2218 et
1279 2176 1447 2231 precise
1489 2176 1798 2218 concernentis
1845 2180 1890 2219 et

135 2259 173 2285 25
194 2250 304 2292 alias
342 2263 523 2304 quoque
567 2249 627 2290 ad
672 2248 922 2304 plenariam
968 2252 1106 2302 atque
1163 2247 1475 2288 omnimodam
1494 2285 1577 2289 „-
1630 2247 1889 2302 [adJiudica-

192 2321 333 2363 torias
366 2324 410 2362 et
449 2320 780 2362 continentiam
806 2319 1052 2361 earundem
1074 2318 1313 2373 procedere
1340 2318 1604 2367 voluissent,
1630 2322 1739 2360 tunc
1765 2317 1892 2372 agilis

192 2392 327 2433 Zawa
358 2391 629 2433 castellanus
662 2390 773 2432 dicti
809 2389 971 2445 [castri]
1009 2389 1298 2444 Kykellewar
1328 2389 1509 2430 nomine
1542 2393 1586 2430 et
1621 2389 1667 2430 in
1699 2402 1892 2444 persona

192 2462 388 2517 praefati
415 2462 586 2504 domini
614 2461 803 2516 Bogdan
830 2460 1067 2508 vaivodae,
1096 2459 1341 2514 assumptis
1366 2473 1519 2502 secum
1547 2459 1893 2514 quampluribus

192 2533 426 2588 equitibus
459 2538 504 2575 et
537 2533 768 2588 peditibus
802 2532 857 2573 de
890 2530 1177 2586 pertinentiis
1211 2530 1319 2572 dicti
1353 2530 1488 2572 castri
1523 2530 1808 2586 Kykellewar
1841 2544 1893 2572 ac

141 2614 177 2641 30
193 2604 300 2659 ipsis
327 2608 480 2646 vestro
507 2603 675 2645 scilicet
704 2608 752 2645 et
781 2607 936 2644 nostro
963 2601 1222 2642 hominibus
1250 2615 1373 2642 more
1401 2601 1556 2642 hostili
1584 2601 1629 2642 in
1657 2615 1895 2642 occursum

192 2674 430 2723 veniendo,
458 2688 632 2716 necnon
660 2673 914 2728 evaginatis
939 2672 1099 2727 gladiis
1126 2676 1170 2713 et
1197 2671 1394 2721 frameis,
1422 2671 1702 2726 vibratisque
1728 2671 1895 2713 lanceis

194 2745 239 2786 in
266 2750 311 2787 et
337 2759 471 2800 super
496 2749 743 2786 annotatos
769 2748 972 2786 vestrum
998 2747 1043 2784 et
1070 2747 1277 2783 nostrum
1302 2742 1510 2784 homines
1535 2747 1703 2784 temere
1728 2747 1772 2783 et
1799 2742 1894 2784 vio-

193 2816 340 2857 lenter
360 2815 583 2865 irruendo,
603 2816 863 2871 praefatum
885 2818 1091 2855 nostrum
1113 2813 1426 2854 testimonium
1449 2812 1558 2854 diris
1579 2817 1624 2854 et
1647 2813 1895 2854 admodum

195 2886 452 2928 enormibus
496 2886 737 2941 vituperiis
782 2885 1055 2932 affecissent,
1102 2888 1146 2925 et
1192 2888 1353 2938 expost
1399 2897 1579 2938 quoque
1624 2884 1771 2938 ipsum
1816 2898 1898 2938 per

141 2967 178 2994 35
195 2957 396 2998 habenas
411 2957 515 3011 equi
544 2957 613 2998 sui
641 2956 865 2998 hincinde
894 2969 973 3010 per
1000 2955 1175 3010 plateas
1203 2959 1248 2996 et
1278 2954 1401 2996 vicos
1430 2954 1568 3010 ipsius
1596 2954 1896 3009 possessionis

197 3027 394 3069 Wezews
420 3027 643 3069 violenter
668 3026 892 3069 trahendo
918 3030 964 3067 et
993 3024 1213 3074 ducendo,
1241 3025 1486 3067 novissime
1513 3024 1661 3080 ipsum
1688 3030 1896 3066 nostrum

197 3097 510 3139 testimonium
547 3098 741 3153 praefati
778 3096 953 3151 equites
989 3100 1034 3137 et
1075 3095 1249 3150 pedites
1286 3095 1486 3137 eiusdem
1523 3095 1755 3137 castellani
1792 3110 1896 3137 cum

199 3168 330 3210 dictis
353 3168 513 3223 gladiis
535 3173 580 3210 et
606 3168 788 3210 frameis
811 3166 998 3208 nudatis
1021 3166 1270 3207 admodum
1294 3166 1387 3208 dire
1410 3171 1455 3208 et
1480 3166 1643 3208 acriter
1664 3167 1876 3208 verberas
