2209 3643
309 200 356 234 42
1077 189 1151 222 No.
1175 189 1222 232 38
1656 185 1730 239 [11.
1764 189 1865 234 Aug.
1903 197 2003 233 1490

310 334 432 361 mam
474 319 684 360 manibus
725 318 919 373 praefati
961 318 1284 372 dispensatoris
1325 318 1468 360 nostri
1509 319 1688 360 tradere
1730 319 1908 370 debeas,
1952 324 2003 362 ut

310 390 476 433 scilicet
508 389 772 445 nuptiarum
803 388 979 430 illarum
1023 388 1298 438 convivium,
1341 390 1524 432 nomine
1564 393 1722 431 nostro
1761 390 1876 432 bene
1917 391 2004 432 dis-

310 475 474 517 ponere
500 464 651 515 queat.
680 461 798 501 Nam
825 459 935 500 alias
949 459 1008 500 sis
1022 463 1186 509 certus,
1202 460 1453 502 maximum
1469 461 1734 502 scandalum
1750 465 1795 503 et
1811 461 2005 504 dedecus

309 536 579 588 pateremur.
608 532 667 572 Et
693 530 794 572 ideo
819 531 983 572 iterum
1009 535 1148 585 atque
1173 530 1338 573 iterum
1363 531 1707 581 committimus,
1734 532 1857 574 aliud
1880 532 2005 574 nullo

309 604 445 645 modo
471 602 616 643 facere
642 614 918 656 praesumas,
947 606 1207 657 praesentes
1233 607 1402 653 autem,
1441 603 1478 644 si
1515 604 1653 652 voles,
1692 617 1774 658 pro
1812 607 1894 645 tua
1930 618 2005 645 ex·
2041 612 2059 639 5

310 673 539 728 peditione
563 685 792 714 reservare
817 676 960 727 potes.

453 745 627 785 Datum
661 744 834 793 Eudae,
869 743 914 785 in
948 744 1065 785 festo
1098 744 1347 786 Beatorum
1381 744 1504 787 Petri
1537 747 1583 786 e's
1617 744 1746 786 Pauli
1780 745 2006 800 apostolo-

309 829 422 856 rum.
445 815 579 855 Anno
600 814 785 855 Domini
806 819 890 857 etc.
915 816 1144 857 LXXX¹³³⁰
1166 829 1300 858 nono.

453 884 652 926 Mathias
676 886 775 927 Rex
799 900 940 928 manu
962 900 1055 941 ppa

439 977 463 1014 I
467 976 672 1015 ntitulatz'o
691 989 704 1015 .·
731 977 909 1028 Egregio
934 978 1118 1016 Martino
1143 979 1361 1029 Tharczay
1384 977 1530 1016 comiti
1558 990 1819 1016 camerarum
1843 982 2006 1016 nostra·
2023 982 2061 1008 10

307 1049 399 1074 rum
430 1036 818 1087 Transylvanarum
849 1041 927 1075 etc.
960 1037 1093 1076 Fideli
1123 1038 1280 1076 sincere
1308 1037 1430 1076 nobis
1459 1037 1629 1076 dilecto.

651 1122 877 1167 (Originale.
911 1115 1059 1158 Allami
1091 1124 1475 1169 Darnay-Muzeum,
1509 1123 1682 1168 snmeg.)

1124 1264 1194 1305 38.

855 1372 979 1422 ΟΜΖ,
1010 1385 1079 1415 Η.
1113 1372 1304 1427 Augusti
1333 1385 1460 1426 1490.

361 1462 675 1501 Maximilianus
703 1463 735 1502 I.
764 1463 994 1514 imperator
1020 1464 1310 1502 Romanorum
1337 1463 1567 1502 Ordinibus
1592 1463 1937 1514 Transylvaniae.
2024 1478 2062 1505 15

453 1562 670 1611 Decernia
704 1567 750 1604 ut
782 1577 915 1617 usquc
947 1563 1003 1603 ad
1033 1563 1264 1604 adventum
1296 1576 1425 1603 suum
1456 1562 1550 1603 eius
1581 1562 1756 1604 nomine
1788 1563 2007 1618 Stephano

308 1633 511 1674 vaivodae
538 1633 594 1674 M
597 1633 791 1675 oldaviae
818 1634 946 1684 fidem
973 1634 1116 1675 'iurent
1143 1634 1320 1689 eiusque
1347 1637 1448 1688 opes
1476 1633 1720 1688 implorent,
1750 1634 1789 1675 si
1816 1648 2008 1676 necessa-

309 1705 426 1745 rium
453 1704 598 1756 fuerit.

455 1810 794 1853 Maximilianus
819 1816 903 1853 etc.
933 1810 1291 1860 Venerabilibus,
1320 1809 1586 1865 magnificis,
1614 1810 1815 1866 egregiis,
1848 1811 2009 1853 nobili-

309 1882 394 1923 bus
417 1882 850 1938 honorabilibusque
887 1896 938 1924 ac
962 1882 1300 1936 circumspectis
1324 1881 1553 1936 praelatis,
1579 1881 1827 1923 baronibus
1850 1882 2010 1924 nobili-
2024 1894 2063 1919 20

309 1953 484 2008 busque
508 1967 561 1995 ac
584 1954 828 1996 comitibus
852 1953 1030 2008 oppidis
1053 1957 1097 1995 et
1122 1953 1253 2002 villis,
1279 1957 1324 1994 et
1349 1953 1599 1995 rectoribus
1623 1966 1675 1994 ac
1697 1953 2010 2006 gubernatori-

310 2024 394 2066 bus
431 2025 693 2067 eorumdem
731 2025 923 2067 ubilibet
961 2039 1041 2080 per
1077 2024 1464 2066 Transsilvaniam
1503 2024 1765 2066 constitutis
1802 2028 2011 2066 nostrum

311 2100 355 2136 et
375 2096 497 2150 regni
516 2096 659 2137 nostri
679 2097 941 2151 Hungariae
959 2096 1168 2138 fidelibus
1187 2095 1374 2137 dilectis.
1397 2095 1604 2137 Gratiam
1624 2094 1793 2149 regiam
1812 2101 1857 2138 et
1878 2109 2012 2138 omne

311 2167 495 2209 bonum.
532 2167 836 2217 Venerabiles,
866 2167 1108 2222 magnifici,
1139 2166 1316 2222 egregii,
1344 2166 1517 2208 nobiles
1546 2166 1923 2222 honorabilesque
1960 2181 2011 2208 ac

313 2237 643 2292 circumspecti.
2024 2247 2061 2273 25

458 2309 690 2351 Credimus
711 2323 793 2351 vos
814 2323 905 2351 non
928 2309 1132 2364 ignorare
1155 2308 1365 2350 iniuriam
1388 2308 1519 2349 nobis
1540 2322 1619 2363 per
1642 2308 1817 2363 aliquos
1839 2308 2010 2363 praela-

312 2382 384 2420 tos
421 2383 465 2420 et
503 2380 695 2422 barones
732 2380 857 2435 regni
895 2381 1039 2422 nostri
1077 2380 1339 2435 Hungariae
1377 2384 1537 2421 contra
1574 2379 1892 2434 appertissima
1930 2393 2012 2421 sua

313 2453 357 2491 et
382 2451 775 2504 praedecessorum
800 2465 985 2493 suorum
1010 2452 1186 2493 litteras
1211 2455 1255 2493 et
1281 2450 1425 2505 sigilla
1449 2451 1624 2492 illatam
1650 2464 1702 2492 ac
1727 2464 1939 2492 coronam
1963 2454 2010 2492 et

312 2534 499 2574 regnum
528 2523 790 2577 Hungariae
818 2523 948 2564 nobis
977 2523 1132 2565 divino
1160 2527 1204 2564 et
1234 2523 1434 2563 humano
1462 2522 1557 2563 iure
1585 2521 1741 2563 debita
1769 2526 1937 2563 temere
1965 2525 2010 2563 et

314 2591 493 2634 defacto
532 2607 626 2635 esse
665 2594 903 2648 denegata,
944 2608 1083 2649 quam
1124 2593 1260 2635 armis
1298 2598 1343 2634 et
1383 2592 1590 2648 potentia
1629 2592 1858 2646 acquirere
1898 2592 2010 2633 divi·
2026 2601 2063 2627 30

313 2675 510 2717 namque
542 2669 745 2706 nostram
779 2665 1003 2707 iustitiam
1036 2665 1247 2720 prosequi
1281 2663 1603 2718 compellimur.
1640 2663 1844 2705 Misimus
1877 2677 2010 2717 prop-

314 2736 438 2774 terea
499 2735 557 2776 ad
609 2735 835 2777 illustrem
884 2737 1168 2791 Stephanum
1218 2734 1475 2778 waivodam
1525 2733 1782 2775 Moldaviae
1830 2733 2010 2775 fidelem

313 2808 518 2845 nostrum
551 2806 781 2856 dilectum,
827 2808 904 2862 qui
948 2811 1106 2849 nostra
1148 2806 1273 2848 favet
1318 2804 1493 2847 iustitia
1534 2805 1756 2859 nobisque
1786 2808 2010 2858 tanquam

315 2874 497 2917 domino
531 2889 612 2918 suo
646 2882 691 2919 et
726 2878 990 2933 Hungariae
1023 2877 1114 2933 regi
1149 2878 1365 2919 adhaeret
1411 2875 1565 2930 illique
1599 2875 1920 2923 commisimus,
1957 2878 2008 2916 ut

315 2957 396 2984 vos
418 2958 572 2987 omnes
593 2952 637 2989 et
660 2949 871 3003 singulos,
895 2949 973 3004 qui
995 2949 1240 2991 clarissimo
1262 2947 1347 2989 iuri
1368 2950 1537 2995 nostro,
1561 2960 1613 2988 ac
1634 2945 1764 2988 nobis
1786 2950 2008 3000 tanquam
2023 2953 2061 2979 35

318 3027 421 3056 vero
441 3020 485 3056 et
506 3015 767 3061 indubitato
787 3020 971 3062 domino
991 3025 1036 3062 et
1056 3020 1147 3075 regi
1168 3018 1429 3074 Hungariae
1449 3018 1691 3059 adhaerere
1710 3021 1755 3058 et
1775 3015 2010 3058 fidelitatis

315 3084 621 3130 iuramentum
663 3096 894 3144 praestare
937 3093 1112 3140 volunt,
1157 3091 1203 3132 in
1245 3095 1449 3132 nostram
1491 3089 1660 3143 regiam
1703 3088 2010 3129 obedientiam

315 3156 735 3214 protectionemque
773 3166 817 3201 et
856 3161 1162 3204 defensionem
1184 3161 1387 3216 recipiat,
1426 3173 1599 3214 vosque
1636 3163 1681 3200 et
1719 3159 1917 3213 singulos
1954 3171 2009 3199 ex
