2209 3643
147 167 205 199 16.
243 164 379 199 Martii
419 158 535 214 1506]
923 165 996 199 No.
1022 167 1069 209 64
1799 173 1845 208 79

141 298 187 336 et
209 294 520 349 praesumptio
540 294 723 336 sublata
742 299 857 335 esset
880 294 1086 336 hostibus
1106 293 1213 349 ipsis
1233 293 1422 348 paganis
1442 293 1589 348 ipsum
1610 291 1846 333 dominum

140 365 399 419 Johannem
430 365 676 407 vaivodam
706 366 1015 420 populumque
1038 365 1123 406 sibi
1152 365 1407 407 subiectum
1431 364 1559 412 dolis,
1588 363 1770 405 astutiis
1799 368 1844 405 et

143 437 315 478 viribus
346 437 647 491 aggrediendi,
669 437 834 491 quibus
866 436 1173 478 mediantibus
1203 450 1306 477 eum
1337 441 1381 477 et
1414 435 1458 476 in
1489 435 1576 476 fide
1597 439 1770 483 sancta,
1799 440 1843 476 et

145 507 190 549 in
233 507 473 550 dominatu
514 522 596 550 suo
637 508 899 549 subvertere
943 508 1162 549 hactenus
1205 506 1453 549 machinari
1496 511 1843 548 consueverunt.

111 602 128 628 5
145 579 433 634 Quapropter
459 579 644 621 tametsi
672 579 804 620 multi
831 579 996 621 divites
1027 579 1260 620 Romanae
1290 578 1391 620 fidei
1419 590 1500 632 pro
1527 577 1846 632 desponsanda

146 650 246 691 Ill¹¹¹³¹
309 650 509 705 principe
572 650 812 692 Elizabeth
873 650 1045 705 virgine
1101 649 1303 704 reginula
1354 648 1579 697 Poloniae,
1630 662 1845 705 germana

143 726 299 762 nostra
330 722 566 763 nobiscum
597 726 641 763 et
673 735 776 763 curn
808 721 1035 763 nonnullis
1066 721 1281 775 praelatis
1313 719 1649 774 baronibusque
1679 720 1845 762 nostris

142 797 340 847 agerent,
362 798 515 834 tamen
530 806 611 833 nos
627 792 710 834 Dei
725 798 769 834 et
783 792 1030 834 Salvatoris
1044 793 1187 834 nostri
1202 804 1351 840 causa,
1373 791 1499 833 cuius
1519 790 1563 831 in
1584 790 1843 833 defensione

142 868 186 905 et
213 869 457 917 augmento
482 863 585 905 fidei
609 864 758 918 agitur
781 877 849 904 res
873 868 917 904 et
942 863 1135 905 eundern
1160 863 1394 905 dominum
1415 861 1660 903 vaivodam
1686 863 1730 903 in
1756 863 1843 904 fide

90 955 126 982 10
144 935 398 976 orthodoxa
426 939 584 976 contra
612 934 974 976 machinationes
1003 934 1202 976 hostium
1234 933 1478 976 eorundem
1507 947 1585 987 per
1613 934 1845 988 dispensa-

143 1005 314 1047 tionem
358 1005 559 1047 eiusdem
606 1006 722 1047 lll'¹‘³³⁰v
757 1005 971 1061 principis
1015 1005 1257 1059 reginulae,
1290 1018 1531 1059 germanae
1563 1010 1744 1046 nostrae
1778 1019 1846 1047 ro-

143 1077 353 1118 boremus
380 1077 439 1118 ad
466 1076 863 1131 defensionemque
891 1081 1048 1118 contra
1074 1090 1275 1131 paganos
1303 1089 1588 1117 communem
1609 1077 1845 1131 obligatio-

142 1162 247 1189 nem
276 1147 532 1196 reddamus,
561 1152 684 1189 certa
700 1152 743 1189 et
766 1147 885 1189 bona
906 1147 1228 1189 deliberatione
1254 1152 1410 1189 nostra
1436 1146 1575 1188 talem
1602 1161 1705 1189 cum
1731 1148 1845 1189 eius-

143 1219 247 1260 dem
276 1218 499 1273 Bogdanii
526 1218 749 1259 vaivodae
777 1219 1032 1260 oratoribus
1056 1219 1267 1273 johanne
1294 1218 1460 1260 Tethul
1487 1218 1708 1272 Logoffet,
1739 1219 1845 1260 Isak

91 1310 128 1337 15
144 1289 471 1345 VVyzthernyk,
498 1290 682 1331 iwanko
713 1290 887 1345 Pythar
921 1294 965 1331 et
992 1290 1114 1331 Luca
1137 1291 1311 1331 Dracza
1333 1289 1377 1330 in
1400 1289 1762 1344 praesentiarum
1786 1290 1845 1331 ad

143 1374 225 1402 nos
262 1359 307 1401 in
344 1374 397 1402 ea
433 1374 479 1401 re
528 1360 722 1401 remissis
771 1360 1018 1402 contractis
1068 1361 1269 1409 fecimus,
1321 1360 1427 1414 quia
1476 1360 1663 1402 tandem
1715 1360 1844 1402 Ill'am

144 1432 393 1487 principem
424 1430 663 1472 Elizabeth
693 1431 913 1485 virginem
943 1431 1207 1485 reginulam,
1238 1445 1435 1473 sororem
1465 1436 1670 1473 nostram
1699 1431 1845 1473 eidem

144 1503 327 1545 domino
367 1502 586 1557 Bogdano
625 1502 847 1544 vaivodae
888 1503 1142 1544 Moldaviae
1181 1503 1226 1544 in
1265 1516 1452 1544 uxorem
1491 1502 1643 1544 daturi
1670 1516 1842 1552 sumus,

144 1579 344 1616 oratores
369 1578 547 1615 nostros
574 1573 786 1628 speciales
814 1574 857 1615 in
884 1588 936 1614 ea
963 1589 1008 1616 re
1034 1578 1078 1614 et
1106 1573 1202 1615 aliis
1230 1573 1288 1614 ad
1314 1573 1462 1628 ipsum
1489 1573 1723 1616 dominum
1750 1575 1844 1615 vai-

88 1664 127 1691 20
144 1645 312 1687 Vodam
339 1645 397 1686 ad
424 1645 591 1686 festum
607 1645 853 1686 Beatorum
882 1645 1003 1686 Petri
1031 1649 1074 1686 et
1104 1645 1233 1686 Pauli
1259 1644 1570 1699 apostolorum
1597 1644 1668 1686 vel
1695 1645 1841 1694 citius,

143 1717 222 1771 qui
245 1720 444 1757 oratores
468 1720 623 1757 nostro
646 1715 827 1757 nomine
852 1716 1167 1771 inscriptiones
1191 1729 1217 1756 a
1241 1715 1439 1756 vaivoda
1462 1721 1506 1758 et
1530 1715 1725 1757 subditis
1750 1716 1844 1757 eius

143 1787 363 1829 universis
388 1787 618 1841 exigerent
644 1792 688 1828 et
714 1786 976 1841 reciperent,
1003 1787 1136 1841 quale
1162 1791 1477 1840 quantumque
1502 1786 1763 1828 dotalitium
1788 1801 1843 1828 ex

144 1872 196 1900 eo
226 1858 440 1901 habitura
469 1871 520 1899 ac
551 1858 780 1912 quomodo
796 1859 840 1899 in
861 1872 942 1899 sua
974 1859 1207 1899 Romanae
1237 1857 1340 1898 fidei
1370 1858 1645 1912 professione
1675 1859 1844 1899 servari

144 1930 323 1979 debeat,
351 1930 429 1984 qui
453 1929 592 1970 etiam
617 1933 818 1971 oratores
843 1929 985 1970 nostri
1010 1929 1144 1971 simul
1169 1942 1272 1970 curn
1297 1928 1480 1970 domino
1505 1928 1703 1970 vaivoda
1728 1933 1845 1970 trac-

90 2019 128 2045 25
144 2002 286 2044 tando
301 2001 421 2043 diem
449 2005 493 2042 et
522 2000 671 2041 locum
700 2000 1017 2054 designabunt,
1049 2006 1188 2054 atque
1217 1999 1462 2041 inscribent
1494 1999 1846 2054 quamprimum

144 2073 229 2114 hoc
254 2073 465 2115 decenter
490 2071 585 2113 fieri
609 2072 766 2126 possit,
793 2085 1015 2125 superque
1042 2071 1087 2112 id
1112 2071 1197 2125 ipsi
1222 2075 1422 2112 oratores
1448 2071 1591 2112 nostri
1615 2083 1721 2112 suas
1746 2075 1847 2112 tan-

145 2158 284 2198 quam
324 2148 502 2186 nostras
543 2142 728 2184 domino
769 2142 992 2184 vaivodae
1033 2146 1077 2184 et
1120 2142 1330 2183 dominus
1373 2141 1571 2183 vaivoda
1590 2155 1694 2184 suas
1717 2141 1846 2183 nobis

144 2215 321 2257 litteras
351 2214 542 2262 dabunt,
574 2227 656 2268 pro
687 2214 852 2268 quibus
882 2214 953 2255 die
984 2218 1027 2255 et
1059 2213 1157 2254 loco
1188 2214 1271 2254 hoc
1302 2212 1580 2254 matrimonii
1612 2212 1846 2255 vinculum

145 2286 239 2328 fieri
254 2284 648 2339 consummarique
663 2285 861 2334 debebit,
878 2299 960 2340 pro
975 2284 1231 2339 quibusque
1261 2284 1331 2325 die
1358 2288 1402 2325 et
1428 2283 1524 2324 loco
1547 2297 1628 2325 nos
1649 2297 1843 2338 quoque,

93 2373 129 2399 30
145 2357 182 2399 si
213 2357 387 2399 licitum
408 2355 559 2405 fuerit,
587 2369 669 2410 pro
700 2361 856 2398 nostra
888 2355 1141 2409 sororisque
1172 2359 1354 2396 nostrae
1369 2359 1413 2396 et
1435 2354 1606 2395 domini
1640 2354 1845 2409 Bogdani

145 2428 368 2470 vaivodae
392 2427 738 2469 honorificentia
762 2427 1007 2474 veniemus,
1026 2426 1084 2467 ad
1099 2439 1233 2480 quem
1259 2425 1378 2466 diem
1402 2429 1446 2466 et
1472 2425 1621 2467 locum
1644 2439 1723 2480 per
1747 2439 1845 2467 ora-

146 2503 266 2541 tores
307 2504 486 2541 nostros
528 2498 831 2552 designantes,
875 2498 912 2538 si
953 2510 1034 2539 nos
1076 2496 1228 2538 venire
1270 2495 1573 2550 nequibimus
1618 2496 1845 2551 praelatos

145 2570 402 2624 spirituales
422 2569 763 2624 saecularesque
791 2573 983 2616 nostros,
1019 2581 1122 2609 cum
1158 2567 1259 2608 mma
1281 2566 1520 2608 Elizabeth
1540 2567 1713 2622 virgine
1733 2567 1846 2621 regi-

145 2641 254 2682 nula
283 2654 433 2683 sorore
461 2645 620 2682 nostra
650 2640 900 2688 mittemus,
932 2645 976 2681 et
1008 2638 1160 2680 omnia
1189 2637 1406 2680 structuri
1435 2651 1605 2686 sumus,
1638 2651 1754 2692 quae
1786 2637 1845 2679 ad

94 2727 131 2752 35
146 2712 231 2753 hoc
258 2710 538 2754 matrimonii
569 2716 752 2766 tempus
789 2709 1200 2753 consummandum
1239 2708 1464 2762 pertinere
1511 2714 1843 2750 consueverunt

146 2783 285 2824 etiarn
319 2782 405 2837 ipsi
439 2786 639 2824 oratores
673 2782 815 2823 nostri
851 2795 953 2823 cum
989 2780 1173 2821 domino
1208 2779 1406 2821 vaivoda
1439 2779 1706 2821 tractabunt
1728 2784 1773 2821 et
1797 2779 1844 2821 in

146 2853 380 2907 scripturis
416 2853 474 2894 ab
509 2852 606 2908 ipso
640 2853 871 2907 recipient,
909 2851 1032 2905 quod
1057 2851 1150 2905 ipse
1172 2855 1216 2891 et
1238 2850 1436 2892 universi
1466 2850 1704 2892 consiliarii
1739 2850 1842 2891 sub-

147 2924 322 2978 ditique
353 2924 422 2966 sui
452 2924 581 2965 ΙΙΓ1131Ϊὶ
614 2924 833 2979 virginem
863 2922 1124 2977 reginulam,
1155 2934 1351 2962 sororem
1375 2926 1577 2962 nostram
1595 2921 1639 2961 in
1658 2921 1840 2969 honore,

146 2995 438 3036 veneratione
452 3000 497 3036 et
513 2995 723 3036 libertate
747 2993 924 3036 decenti
947 2993 1208 3034 servabunt.
1228 2992 1417 3046 Insuper
1439 2992 1606 3033 efficiat
1632 2991 1842 3033 dominus

94 3079 132 3104 40
148 3079 329 3119 quoque
364 3065 562 3107 vaivoda
597 3065 643 3106 in
678 3070 798 3107 terra
833 3077 915 3106 sua
950 3063 1210 3118 episcopum
1246 3067 1430 3104 sanctae
1466 3062 1570 3104 fidei
1608 3063 1842 3104 Romanae

149 3136 316 3178 habeat
342 3136 526 3191 eiusque
551 3140 596 3177 et
622 3135 910 3178 ecclesiarum
928 3135 1237 3175 Romanarum
1252 3132 1297 3174 in
1312 3137 1432 3174 terra
1447 3146 1529 3175 sua
1544 3138 1843 3188 augmentum
