2209 3643
244 223 314 255 166
997 216 1071 250 No.
1098 226 1165 259 123
1577 211 1651 266 [16.
1672 217 1808 252 Martii
1831 217 1928 262 1528

240 366 323 408 par
361 355 427 392 est
468 353 709 405 potestate,
751 351 796 388 et
836 350 1062 401 apparatu
1100 346 1261 388 bellico
1299 347 1615 402 praestantior,
1657 360 1796 401 quam
1835 361 1929 389 rem

241 423 398 464 eadem
425 421 497 462 Vra
534 418 803 474 Spectabilis
829 421 874 458 et
901 417 1141 471 Magnifica
1166 417 1431 459 Dominatio
1457 431 1484 458 a
1509 431 1592 459 suo
1617 418 1780 472 legato,
1808 431 1929 459 nunc

241 493 299 535 ad
325 491 517 534 eundem
543 489 777 531 dominum
803 491 1010 529 nostrum
1035 487 1409 542 gratiosissimum
1435 488 1584 537 misso,
1613 489 1774 530 clarius
1799 488 1929 530 intel-

240 565 372 617 ligere
399 561 580 616 poterit.
608 559 695 601 Sed
723 559 802 600 ubi
834 559 906 599 Vra
943 558 1212 613 Spectabilis
1239 563 1284 601 et
1312 559 1552 614 Magnifica
1578 559 1843 601 Dominatio
1871 559 1930 601 ad

241 632 512 676 Cibinienses
541 645 596 672 ex
624 634 755 685 parte
782 629 861 671 filii
890 629 1126 671 cuiusdam
1154 629 1377 672 vaivodae
1405 634 1451 671 et
1480 629 1662 685 frugum
1690 631 1749 672 ad
1777 634 1930 686 partes
1968 644 1985 668 5

240 703 559 758 Transalpinos
594 715 686 742 non
721 700 958 742 emissione
993 700 1162 749 scribit,
1200 714 1282 742 nos
1318 706 1369 742 ut
1406 701 1787 756 praescripsimus,
1826 715 1930 743 cum

240 776 311 816 Vra
339 772 584 828 Spectabili
603 776 647 813 et
667 772 907 826 Magnifica
925 771 1248 813 Dominatione
1267 772 1389 813 omni
1408 772 1695 814 fraternitate
1720 772 1931 827 bonaque

240 845 475 887 vicinitate
504 843 573 885 uti
603 847 648 885 et
679 843 767 884 frui
795 842 1019 891 volumus,
1052 847 1096 884 et
1128 842 1279 884 omnia
1308 843 1490 897 negotia
1519 843 1564 884 in
1594 842 1765 884 bonum
1793 843 1930 884 finem

239 916 458 958 deducere
483 919 528 956 et
553 914 830 956 concludere.
854 912 901 954 Si
924 913 997 954 Vra
1018 913 1286 968 Spectabilis
1311 918 1355 955 et
1393 914 1632 969 Magnifica
1668 914 1932 956 Dominatio

240 986 444 1042 inprimis
486 985 671 1027 domino
724 989 880 1026 nostro
932 985 1268 1038 gratiosissimo,
1310 985 1436 1026 Sermo
1484 985 1694 1026 videlicet
1748 984 1932 1026 domino
1946 995 1981 1022 10

240 1056 541 1106 Ferdinando‚
578 1056 661 1098 Dei
695 1056 842 1110 gratia
874 1055 999 1110 regni
1033 1056 1295 1111 Hungariae
1328 1060 1373 1097 et
1408 1056 1654 1098 Bohemiae
1687 1060 1772 1098 ete.
1809 1055 1933 1097 omni

239 1128 473 1177 fidelitate,
502 1132 605 1182 post
632 1128 743 1168 haec
769 1141 876 1169 vero
901 1126 1032 1168 nobis
1058 1131 1103 1168 et
1130 1127 1235 1169 huic
1261 1141 1399 1182 regno
1424 1127 1786 1169 Transsilvaniae
1812 1127 1934 1168 bona

240 1199 525 1241 fraternitate
564 1198 830 1253 optimaque
867 1197 1103 1240 vicinitate
1140 1211 1235 1240 esse
1272 1202 1317 1239 et
1354 1198 1450 1239 fieri
1487 1198 1711 1248 voluerit;
1751 1198 1787 1239 si
1825 1211 1932 1239 vero

240 1271 398 1312 eadem
422 1270 526 1311 huic
550 1270 613 1311 rei
638 1269 915 1311 contrarium
939 1269 1148 1318 voluerit,
1174 1282 1256 1310 nos
1280 1273 1503 1324 tanquam
1527 1269 1695 1324 probus
1719 1273 1765 1310 et
1789 1268 1932 1310 fidelis

240 1355 395 1383 servus
415 1345 517 1396 post
544 1341 778 1382 dominum
803 1344 1009 1382 nostrum
1033 1340 1422 1394 gratiosissimum,
1448 1344 1584 1394 prout
1612 1340 1756 1381 honor
1779 1344 1933 1381 noster
1946 1350 1981 1376 1⁵

240 1412 392 1467 exigit,
409 1412 561 1453 omnia
575 1411 830 1453 adiacentia
844 1416 889 1453 et
905 1411 1269 1453 circumstantias
1283 1411 1416 1452 huius
1436 1411 1559 1466 regni
1579 1411 1663 1452 sub
1684 1411 1932 1452 officiolatu

240 1488 284 1525 et
319 1487 548 1538 potestate
582 1488 738 1524 nostra
771 1483 1016 1524 existentes
1051 1487 1209 1524 contra
1242 1482 1480 1537 quospiam
1513 1486 1746 1537 protegere
1779 1481 1931 1523 defen-

241 1555 434 1609 dereque
449 1554 733 1595 studebimus
749 1559 794 1595 et
809 1554 981 1595 maiora
995 1553 1135 1595 etiam
1156 1558 1400 1602 attentare,
1417 1553 1454 1594 si
1473 1553 1551 1607 qui
1572 1553 1755 1594 domino
1775 1556 1931 1594 nostro

240 1625 562 1680 gratiosissimo
588 1624 910 1667 reluctaverint
938 1624 1158 1679 nobisque
1185 1629 1229 1666 et
1257 1624 1360 1666 huic
1387 1638 1523 1678 regno
1548 1624 1669 1665 bona
1695 1623 1931 1665 vicinitate

239 1697 334 1738 fieri
359 1696 583 1738 noluerint
609 1701 689 1737 aut
714 1696 1031 1737 recusaverint.
1944 1704 1981 1730 20

385 1768 455 1809 Ex
482 1767 699 1808 Zazsebes
726 1772 770 1808 et
798 1771 988 1808 caetera.

379 1886 516 1932 (Copia
543 1896 703 1920 coaeva.
741 1885 1027 1925 Staatsarchiv,
1067 1885 1192 1918 VVien.
1222 1885 1464 1929 Hungarica.
1492 1884 1654 1918 Edidit:
1688 1883 1836 1917 Archiv
1863 1884 1931 1918 des

240 1946 425 1980 Vereines
457 1946 520 1980 fiir
550 1946 895 1990 siebenbiirgische
923 1945 1216 1980 Landeskunde
1242 1944 1319 1978 vol.
1344 1946 1403 1978 26.
1426 1954 1515 1989 pag.
1541 1943 1770 1987 264—266.)

1043 2132 1141 2173 123.

792 2254 935 2302 Euda,
968 2254 1036 2294 16.
1068 2253 1230 2294 Martii
1260 2253 1385 2305 1528.
1948 2272 1983 2298 25

241 2356 425 2395 Thomas
448 2357 664 2395 Szalahazi
695 2357 916 2408 episcopus
946 2355 1158 2407 Agriensis
1190 2355 1457 2394 Ferdinando
1489 2355 1521 2393 I.
1555 2355 1641 2405 regi
1673 2353 1929 2405 Hungariae.

388 2474 693 2515 Ordinationes
732 2474 958 2515 vaivodam
999 2472 1344 2526 Tmuwhmiw
1382 2476 1690 2513 concernentes.

389 2598 460 2638 Ad
494 2598 760 2639 waiwodam
796 2597 1145 2652 Transalpinum
1181 2597 1394 2652 expedita
1429 2596 1659 2651 responsio
1694 2600 1775 2637 est.
1815 2595 1933 2636 Item

246 2667 304 2708 ad
322 2668 556 2710 dominum
574 2669 838 2710 waiwodam
869 2668 1157 2709 Moldavum1
1177 2672 1223 2709 et
1250 2667 1374 2717 alios,
1406 2668 1474 2709 uti
1504 2667 1646 2721 magis
1676 2665 1933 2707 consultum

246 2738 489 2780 videbatur
512 2740 718 2794 exempla
742 2739 1011 2788 litterarum,
1038 2752 1154 2793 quae
1177 2752 1233 2779 ex
1256 2738 1418 2779 Turcia
1432 2742 1538 2779 sunt
1553 2737 1731 2785 allatae,
1748 2736 1933 2778 mitten·
1946 2754 1984 2780 30

247 2812 322 2849 tur
348 2809 528 2863 utrique
553 2810 796 2851 waiwodae
823 2814 868 2850 et
896 2809 1264 2851 admonebuntur
1290 2809 1345 2850 de
1384 2808 1466 2857 his,
1496 2821 1611 2862 quae
1646 2811 1751 2848 sunt
1779 2820 1933 2847 eorum

249 2879 408 2920 officia.
435 2880 563 2921 Duae
585 2880 886 2934 possessiones
909 2884 989 2921 aut
1013 2879 1194 2934 oppida,
1219 2892 1336 2933 quae
1359 2877 1681 2932 Transalpinus
1704 2876 1749 2917 in
1772 2876 1933 2917 Trans-

249 2948 439 2990 silvania
475 2950 765 3004 possidebat:
806 2950 1004 2991 Alwincz
1041 2954 1086 2991 et
1124 2949 1353 2991 Borberek
1392 2962 1418 2989 a
1455 2947 1645 3001 Georgio
1676 2947 1934 2988 secretario2

250 3024 470 3073 occupata
495 3021 805 3061 restituentur.
833 3020 944 3061 Aliis
965 3033 1145 3074 quoque
1171 3020 1216 3060 in
1236 3019 1382 3067 rebus,
1405 3031 1520 3072 quae
1541 3022 1774 3059 occurrent
1801 3017 1933 3059 video

394 3193 407 3212 1
439 3181 647 3229 Mendose:
682 3196 1000 3241 Transalpinum.
1170 3196 1184 3216 ²
1209 3195 1343 3229 Idest:
1372 3194 1717 3228 Reiehersdorffer.
1950 3202 1985 3228 35
